%% Created using Papers on Mon, 25 Jun 2018.
%% http://papersapp.com/papers/

@article{Bottjer:1985vs,
author = {Bottjer, S W and Glaessner, S L and Arnold, A P},
title = {{Ontogeny of brain nuclei controlling song learning and behavior in zebra finches.}},
journal = {Journal of Neuroscience},
year = {1985},
volume = {5},
number = {6},
pages = {1556--1562},
month = jun
}

@article{Barbera:2016ck,
author = {Barbera, Giovanni and Liang, Bo and Zhang, Lifeng and Gerfen, Charles R and Culurciello, Eugenio and Chen, Rong and Li, Yun and Lin, Da-Ting},
title = {{Spatially Compact Neural Clusters in the Dorsal Striatum Encode Locomotion Relevant Information}},
journal = {Neuron},
year = {2016},
volume = {92},
number = {1},
pages = {1--13},
month = sep
}

@article{Ramanathan:2015ka,
author = {Ramanathan, Dhakshin S and Gulati, Tanuj and Ganguly, Karunesh},
title = {{Sleep-Dependent Reactivation of Ensembles in Motor Cortex Promotes Skill Consolidation}},
year = {2015},
volume = {13},
number = {9},
pages = {e1002263--25},
month = sep
}

@article{Hira:2015fv,
author = {Hira, R and Terada, S I and Kondo, M and Matsuzaki, M},
title = {{Distinct Functional Modules for Discrete and Rhythmic Forelimb Movements in the Mouse Motor Cortex}},
journal = {Journal of Neuroscience},
year = {2015},
volume = {35},
number = {39},
pages = {13311--13322},
month = sep
}

@article{Poskanzer:2016db,
author = {Poskanzer, Kira E and Yuste, Rafael},
title = {{Astrocytes regulate cortical state switching in vivo}},
journal = {Proceedings of the National Academy of Sciences},
year = {2016},
volume = {113},
number = {19},
pages = {E2675--E2684},
month = may
}

@article{Kaplan:2001tf,
author = {Kaplan, E and Benardete, E},
title = {{The dynamics of primate retinal ganglion cells.}},
journal = {Progress in brain research},
year = {2001},
volume = {134},
pages = {17--34}
}

@article{DamezWerno:2015jg,
author = {Damez-Werno, Diane M and Kenny, Paul J},
title = {{Using Opioid Receptors to Expand the Chemogenetic and Optogenetic Toolbox}},
journal = {Neuron},
year = {2015},
volume = {86},
number = {4},
pages = {853--855},
month = may
}

@article{Scharff:1991vm,
author = {Scharff, C and Nottebohm, F},
title = {{A comparative study of the behavioral deficits following lesions of various parts of the zebra finch song system: implications for vocal learning.}},
journal = {Journal of Neuroscience},
year = {1991},
volume = {11},
number = {9},
pages = {2896--2913},
month = sep
}

@article{Kumar:2016dq,
author = {Kumar, Sreedhar S and W{\"u}lfing, Jan and Okujeni, Samora and Boedecker, Joschka and Riedmiller, Martin and Egert, Ulrich},
title = {{Autonomous Optimization of Targeted Stimulation of Neuronal Networks}},
journal = {PLOS Computational Biology},
year = {2016},
volume = {12},
number = {8},
pages = {e1005054--22},
month = aug
}

@article{Janney:2016ic,
author = {Janney, Eathan and Taylor, Hollis and Scharff, Constance and Rothenberg, David and Parra, Lucas C and Tchernichovski, Ofer},
title = {{Temporal regularity increases with repertoire complexity in the Australian pied butcherbird's song}},
journal = {Royal Society Open Science},
year = {2016},
volume = {3},
number = {9},
pages = {160357--15},
month = sep
}

@article{Nguyen:2016ca,
author = {Nguyen, Jessica K and Park, Daniel J and Skousen, John L and Hess-Dunning, Allison E and Tyler, Dustin J and Rowan, Stuart J and Weder, Christoph and Capadona, Jeffrey R},
title = {{Mechanically-compliant intracortical implants reduce the neuroinflammatory response}},
journal = {Journal of Neural Engineering},
year = {2016},
volume = {11},
number = {5},
pages = {1--15},
month = may
}

@article{Aniko:2012wg,
author = {Aniko, Szakal},
title = {{A Computational Framework for a Bio-inspired Mechanism of Vernier Hyperacuity}},
year = {2012},
pages = {1--16},
month = jan
}

@article{Pnevmatikakis:2017hw,
author = {Pnevmatikakis, Eftychios A and Giovannucci, Andrea},
title = {{NoRMCorre: An online algorithm for piecewise rigid motion correction of calcium imaging data}},
journal = {bioRxiv},
year = {2017},
pages = {1--12},
month = feb
}

@article{Seymour:2007dj,
author = {Seymour, John P and Kipke, Daryl R},
title = {{Neural probe design for reduced tissue encapsulation in CNS}},
journal = {Biomaterials},
year = {2007},
volume = {28},
number = {25},
pages = {3594--3607},
month = sep
}

@article{immelmann1969song,
author = {Immelmann, K},
title = {{Song development in the zebra finch and other estrildid finches}},
journal = {Bird vocalizations},
year = {1969},
volume = {61}
}

@article{Mertz:2014cq,
author = {Mertz, Jerome and Barankov, Roman},
title = {{High-throughput imaging of self-luminous objects through a single optical fibre}},
journal = {Nature Communications},
year = {2014},
volume = {5},
pages = {1--6},
month = nov
}

@article{Plumbley:2005ib,
author = {Plumbley, Mark D},
title = {{Geometrical methods for non-negative ICA: Manifolds, Lie groups and toral subalgebras}},
journal = {Neurocomputing},
year = {2005},
volume = {67},
pages = {161--197},
month = aug
}

@article{Engelbrecht:2008tv,
author = {Engelbrecht, Christoph J and Johnston, Richard S and Seibel, Eric J and Helmchen, Fritjof},
title = {{Ultra-compact fiber-optic two-photon microscope for functional fluorescence imaging in vivo.}},
journal = {Optics express},
year = {2008},
volume = {16},
number = {8},
pages = {5556--5564},
month = apr
}

@article{Landau:2004ev,
author = {Landau, D P and Tsai, Shan-Ho and Exler, M},
title = {{A new approach to Monte Carlo simulations in statistical physics: Wang-Landau sampling}},
journal = {American Journal of Physics},
year = {2004},
volume = {72},
number = {10},
pages = {1294--9}
}

@article{YiOuLi:2009gc,
author = {Yi-Ou Li and Adali, T{\"u}lay and Wei Wang and Calhoun, Vince D},
title = {{Joint Blind Source Separation by Multiset Canonical Correlation Analysis}},
journal = {IEEE Transactions on Signal Processing},
year = {2009},
volume = {57},
number = {10},
pages = {3918--3929},
month = sep
}

@article{Dave:1998bo,
author = {Dave, Amish S and Yu, Albert C and Margoliash, Daniel},
title = {{Behavioral State Modulation of Auditory Activity in a Vocal Motor System}},
journal = {Science (New York, N.Y.)},
year = {1998},
volume = {282},
number = {5397},
pages = {2250--2254},
month = dec
}

@article{Ekanadham:2011bb,
author = {Ekanadham, Chaitanya and Tranchina, Daniel and Simoncelli, Eero P},
title = {{Recovery of Sparse Translation-Invariant Signals With Continuous Basis Pursuit}},
journal = {IEEE Transactions on Signal Processing},
year = {2011},
volume = {59},
number = {10},
pages = {4735--4744},
month = sep
}

@article{Mauk:2004kc,
author = {Mauk, Michael D and Buonomano, Dean V},
title = {{THE NEURAL BASIS OF TEMPORAL PROCESSING}},
journal = {Annual Review of Neuroscience},
year = {2004},
volume = {27},
number = {1},
pages = {307--340},
month = jul
}

@article{Kozlov:2016jg,
author = {Kozlov, Andrei S and Gentner, Timothy Q},
title = {{Central auditory neurons have composite receptive fields}},
journal = {Proceedings of the National Academy of Sciences},
year = {2016},
volume = {113},
number = {5},
pages = {1441--1446},
month = feb
}

@article{Stephen:2014el,
author = {Stephen, Emily P},
title = {{Assessing dynamics, spatial scale, and uncertainty in task-related brain network analyses}},
year = {2014},
pages = {1--21},
month = mar
}

@article{Anonymous:kOPKZFiY,
author = {White, Daniel J and Stoddart, Paul R},
title = {{Nanostructured optical fiber with surface-enhanced Raman scattering functionality.}},
journal = {Optics letters},
year = {2005},
volume = {30},
number = {6},
pages = {598--600},
month = mar
}

@article{KowaleviczJr:2006wc,
author = {Kowalevicz Jr, Andrew M and Bucholtz, Frank},
title = {{Beam Divergence from an SMF-28 Optical Fiber}},
year = {2006},
month = oct
}

@book{Kass:2014jo,
author = {Kass, Robert E and Eden, Uri T and Brown, Emery N},
title = {{Analysis of Neural Data}},
publisher = {Springer New York},
year = {2014},
series = {Springer Series in Statistics},
address = {New York, NY}
}

@article{Hillman:2007jw,
author = {Hillman, Elizabeth M C and Devor, Anna and Bouchard, Matthew B and Dunn, Andrew K and Krauss, G W and Skoch, Jesse and Bacskai, Brian J and Dale, Anders M and Boas, David A},
title = {{Depth-resolved optical imaging and microscopy of vascular compartment dynamics during somatosensory stimulation}},
journal = {NeuroImage},
year = {2007},
volume = {35},
number = {1},
pages = {89--104},
month = mar
}

@inproceedings{Segev:2015ez,
author = {Segev, Eran and Fowler, Trevor and Faraon, Andrei and Roukes, Michael L},
title = {{Visible array waveguide gratings for applications of optical neural probes}},
booktitle = {SPIE BiOS},
year = {2015},
editor = {Hirschberg, Henry and Madsen, Steen J and Jansen, E Duco and Luo, Qingming and Mohanty, Samarendra K and Thakor, Nitish V},
pages = {93052L--6},
publisher = {SPIE},
month = mar
}

@article{Neunuebel:2015bm,
author = {Neunuebel, J P and Taylor, A L and Arthur, B J and Egnor, SER},
title = {{Female mice ultrasonically interact with males during courtship displays}},
journal = {Elife},
year = {2015}
}

@article{Hamaguchi:2014jt,
author = {Hamaguchi, Kosuke and Tschida, Katherine A and Yoon, Inho and Donald, Bruce R and Mooney, Richard},
title = {{Auditory synapses to song premotor neurons are gated off during vocalization in zebra finches}},
journal = {Elife},
year = {2014},
volume = {3},
pages = {494--21},
month = feb
}

@article{Murayama:2009ey,
author = {Murayama, Masanori and Larkum, Matthew E},
title = {{In vivo dendritic calcium imaging with a fiberoptic periscope system}},
journal = {Nature Protocols},
year = {2009},
volume = {4},
number = {10},
pages = {1551--1559},
month = oct
}

@article{Doupe:1991wj,
author = {Doupe, A J and Konishi, M},
title = {{Song-selective auditory circuits in the vocal control system of the zebra finch}},
journal = {Proceedings of the National Academy of Sciences},
year = {1991},
volume = {88},
number = {24},
pages = {11339--11343},
month = dec
}

@article{Wang:2017jp,
author = {Wang, Tianyu and Wang, Mengran and Feng, Danielle D and Horton, Nicholas G and ndez, Jean C Cruz-Hern aacute and Cheng, Yu-Ting and Reimer, Jacob and Tolias, Andreas S and Nishimura, Nozomi and Ouzounov, Dimitre G and Xu, Chris},
title = {{In vivo three-photon imaging of activity of GCaMP6-labeled neurons deep in intact mouse brain}},
journal = {Nature Methods},
year = {2017},
volume = {14},
number = {4},
pages = {1--5},
month = feb
}

@article{Barykina:2016ge,
author = {Barykina, Natalia V and Subach, Oksana M and Doronin, Danila A and Sotskov, Vladimir P and Roshchina, Marina A and Kunitsyna, Tatiana A and Malyshev, Aleksey Y and Smirnov, Ivan V and Azieva, Asya M and Sokolov, Ilya S and Piatkevich, Kiryl D and Burtsev, Mikhail S and Varizhuk, Anna M and Pozmogova, Galina E and Anokhin, Konstantin V and Subach, Fedor V and Enikolopov, Grigori N},
title = {{A new design for a green calcium indicator with a smaller size and a reduced number of calcium- binding sites}},
journal = {Scientific Reports},
year = {2016},
pages = {1--15},
month = sep
}

@article{Sitdikova:2013fn,
author = {Sitdikova, Guzel and Zakharov, Andrei and Janackova, Sona and Gerasimova, Elena and Lebedeva, Julia and Inacio, Ana R and Zaynutdinova, Dilyara and Minlebaev, Marat and Holmes, Gregory L and Khazipov, Roustem},
title = {{Isoflurane suppresses early cortical activity}},
journal = {Annals of Clinical and Translational Neurology},
year = {2013},
volume = {1},
number = {1},
pages = {15--26},
month = nov
}

@article{Nobauer:2017hz,
author = {N{\"o}bauer, Tobias and Skocek, Oliver and Pern{\'\i}a-Andrade, Alejandro J and Weilguny, Lukas and Traub, Francisca Mart{\'\i}nez and Molodtsov, Maxim I and Vaziri, Alipasha},
title = {{Video rate volumetric Ca2+ imaging across cortex using seeded iterative demixing (SID) microscopy}},
journal = {Nature Methods},
year = {2017},
volume = {14},
number = {8},
pages = {811--818},
month = jun
}

@article{Feher:2016fv,
author = {Feh{\'e}r, Olga and Ljubi{\v c}i{\'c}, Iva and Suzuki, Kenta and Okanoya, Kazuo and Tchernichovski, Ofer},
title = {{Statistical learning in songbirds: from self-tutoring to song culture}},
journal = {Philosophical Transactions of the Royal Society B: Biological Sciences},
year = {2016},
volume = {372},
number = {1711},
pages = {20160053--10},
month = nov
}

@article{Leonardo:1999gv,
author = {Leonardo, A and Konishi, M},
title = {{Decrystallization of adult birdsong by perturbation of auditory feedback}},
year = {1999},
volume = {399},
number = {6735},
pages = {466--470}
}

@article{Aravanis:2007gc,
author = {Aravanis, Alexander M and Wang, Li-Ping and Zhang, Feng and Meltzer, Leslie A and Mogri, Murtaza Z and Schneider, M Bret and Deisseroth, Karl},
title = {{An optical neural interface: in vivocontrol of rodent motor cortex with integrated fiberoptic and optogenetic technology}},
journal = {Journal of Neural Engineering},
year = {2007},
volume = {4},
number = {3},
pages = {S143--S156},
month = may
}

@article{Rosen:2015ur,
author = {Rosen, Shamir and Gilboa, Doron and Katz, Ori and Silberberg, Yaron},
title = {{Focusing and Scanning through Flexible Multimode Fibers without Access to the Distal End}},
year = {2015},
eprint = {1506.08586},
eprinttype = {arxiv},
month = jun
}

@article{Biran:2005dm,
author = {Biran, Roy and Martin, David C and Tresco, Patrick A},
title = {{Neuronal cell loss accompanies the brain tissue response to chronically implanted silicon microelectrode arrays}},
journal = {Experimental Neurology},
year = {2005},
volume = {195},
number = {1},
pages = {115--126},
month = sep
}

@article{Anonymous:NDIn4CK5,
author = {Maunsell, J H and Ghose, G M and Assad, J A and McAdams, C J and Boudreau, C E and Noerager, B D},
title = {{Visual response latencies of magnocellular and parvocellular LGN neurons in macaque monkeys.}},
journal = {Visual neuroscience},
year = {1999},
volume = {16},
number = {1},
pages = {1--14},
month = jan
}

@article{Engbert:2004jk,
author = {Engbert, Ralf and Kliegl, Reinhold},
title = {{Microsaccades keep the eyes' balance during fixation.}},
journal = {Psychological science},
year = {2004},
volume = {15},
number = {6},
pages = {431--436},
month = jun
}

@article{MartinRolfs:2009je,
author = {Rolfs, Martin},
title = {{Microsaccades: Small steps on a long way}},
journal = {Vision research},
year = {2009},
volume = {49},
number = {20},
pages = {2415--2441},
month = oct
}

@article{S:2010hi,
author = {Bouchet, Audrey and Lemasson, Benjamin and Le Duc, G{\'e}raldine and Maisin, C{\'e}cile and Br{\"a}uer-Krisch, Elke and Siegbahn, Erik Albert and Renaud, Luc and Khalil, Enam and R{\'e}my, Chantal and Poillot, Cathy and Bravin, Alberto and Laissue, Jean A and Barbier, Emmanuel L and Serduc, Rapha{\"e}l},
title = {{Preferential effect of synchrotron microbeam radiation therapy on intracerebral 9L gliosarcoma vascular networks.}},
journal = {International journal of radiation oncology, biology, physics},
year = {2010},
volume = {78},
number = {5},
pages = {1503--1512},
month = dec
}

@article{GossVarley:2017kf,
author = {Goss-Varley, Monika and Dona, Keith R and McMahon, Justin A and Shoffstall, Andrew J and Ereifej, Evon S and Lindner, Sydney C and Capadona, Jeffrey R},
title = {{Microelectrode implantation in motor cortex causes fine motor deficit: Implications on potential considerations to Brain Computer Interfacing and Human Augmentation}},
journal = {Scientific Reports},
year = {2017},
volume = {7},
number = {1},
pages = {1--12},
month = nov
}

@book{Tan:2009uj,
author = {Tan, Hung-Khoon and Ngo, Chong-Wah and Hong, Richard and Chua, Tat-Seng},
title = {{Scalable detection of partial near-duplicate videos by visual-temporal consistency}},
publisher = {ACM},
year = {2009},
address = {New York, New York, USA},
month = oct
}

@misc{anu:2007uv,
title = {{Kubelka-Munk Theory}},
author = {{anu}},
month = sep,
year = {2007}
}

@article{Guitchounts:2013bs,
author = {Guitchounts, Grigori and Markowitz, Jeffrey E and Liberti III, William A and Gardner, Timothy J},
title = {{A carbon-fiber electrode array for long-term neural recording}},
journal = {Journal of Neural Engineering},
year = {2013},
volume = {10},
number = {4},
pages = {046016--14},
month = jul
}

@article{LibertiIII:2017df,
author = {Liberti III, William A and Perkins, L Nathan and Leman, Daniel P and Gardner, Timothy J},
title = {{An open source, wireless capable miniature microscope system}},
journal = {Journal of Neural Engineering},
year = {2017},
volume = {14},
number = {4},
pages = {045001--10},
month = may
}

@article{Markram:2015dq,
author = {Markram, Henry and Muller, Eilif and Ramaswamy, Srikanth and Reimann, Michael W and Abdellah, Marwan and Sanchez, Carlos Aguado and Ailamaki, Anastasia and Alonso-Nanclares, Lidia and Antille, Nicolas and Arsever, Selim and Kahou, Guy Antoine Atenekeng and Berger, Thomas K and Bilgili, Ahmet and Buncic, Nenad and Chalimourda, Athanassia and Chindemi, Giuseppe and Courcol, Jean-Denis and Delalondre, Fabien and Delattre, Vincent and Druckmann, Shaul and Dumusc, Raphael and Dynes, James and Eilemann, Stefan and Gal, Eyal and Gevaert, Michael Emiel and Ghobril, Jean-Pierre and Gidon, Albert and Graham, Joe W and Gupta, Anirudh and Haenel, Valentin and Hay, Etay and Heinis, Thomas and Hernando, Juan B and Hines, Michael and Kanari, Lida and Keller, Daniel and Kenyon, John and Khazen, Georges and Kim, Yihwa and King, James G and Kisvarday, Zoltan and Kumbhar, Pramod and Lasserre, S{\'e}bastien and Le B{\'e}, Jean-Vincent and Magalh{\~a}es, Bruno R C and Merch{\'a}n-P{\'e}rez, Angel and Meystre, Julie and Morrice, Benjamin Roy and Muller, Jeffrey and Mu{\~n}oz-C{\'e}spedes, Alberto and Muralidhar, Shruti and Muthurasa, Keerthan and Nachbaur, Daniel and Newton, Taylor H and Nolte, Max and Ovcharenko, Aleksandr and Palacios, Juan and Pastor, Luis and Perin, Rodrigo and Ranjan, Rajnish and Riachi, Imad and Rodr{\'\i}guez, Jos{\'e}-Rodrigo and Riquelme, Juan Luis and R{\"o}ssert, Christian and Sfyrakis, Konstantinos and Shi, Ying and Shillcock, Julian C and Silberberg, Gilad and Silva, Ricardo and Tauheed, Farhan and Telefont, Martin and Toledo-Rodriguez, Maria and Tr{\"a}nkler, Thomas and Van Geit, Werner and D{\'\i}az, Jafet Villafranca and Walker, Richard and Wang, Yun and Zaninetta, Stefano M and DeFelipe, Javier and Hill, Sean L and Segev, Idan and Sch{\"u}rmann, Felix},
title = {{Reconstruction and Simulation of Neocortical Microcircuitry}},
journal = {Cell},
year = {2015},
volume = {163},
number = {2},
pages = {456--492},
month = oct
}

@article{Pietrobon:2014gn,
author = {Pietrobon, Daniela and Moskowitz, Michael A},
title = {{Chaos and commotion in the wake of cortical spreading depression and spreading depolarizations}},
journal = {Nature Reviews Neuroscience},
year = {2014},
volume = {15},
number = {6},
pages = {379--393},
month = jun
}

@article{Lynch:2016jb,
author = {Lynch, Galen F and Okubo, Tatsuo S and Hanuschkin, Alexander and Hahnloser, Richard H R and Fee, Michale S},
title = {{Rhythmic Continuous-Time Coding in the Songbird Analog of Vocal Motor Cortex}},
journal = {Neuron},
year = {2016},
volume = {90},
number = {4},
pages = {877--892},
month = may
}

@article{Mitianoudis:2003dw,
author = {Mitianoudis, N and Davies, M E},
title = {{Audio source separation of convolutive mixtures}},
journal = {IEEE Transactions on Speech and Audio Processing},
year = {2003},
volume = {11},
number = {5},
pages = {489--497},
month = sep
}

@article{Yi:2012wp,
author = {Yi, Ji and Backman, Vadim},
title = {{Imaging a full set of optical scattering properties of biological tissue by inverse spectroscopic optical coherence tomography.}},
journal = {Optics letters},
year = {2012},
volume = {37},
number = {21},
pages = {4443--4445},
month = nov
}

@techreport{Fain:2016vd,
author = {Fain, Romy and Wang, Tianyu and Wang, Mengran and Charan, Kriti and Barbosa, Felippe A S and Cardenas, Jaime and Xu, Chris and Lipson, Michal},
title = {{Ultra Small Cross-Section Photonic Probes for Deep Tissue Non-Invasive Light Delivery}},
year = {2016},
month = jan
}

@article{Dombeck:2010jr,
author = {Dombeck, Daniel A and Harvey, Christopher D and Tian, Lin and Looger, Loren L and Tank, David W},
title = {{Functional imaging of hippocampal place cells at cellular resolution during virtual navigation.}},
journal = {Nature Neuroscience},
year = {2010},
volume = {13},
number = {11},
pages = {1433--1440},
month = nov
}

@article{Kornfeld:2017hc,
author = {Kornfeld, J{\"o}rgen and Benezra, Sam E and Narayanan, Rajeevan T and Svara, Fabian and Egger, Robert and Oberlaender, Marcel and Denk, Winfried and Long, Michael A},
title = {{EM connectomics reveals axonal target variation in a sequence-generating network}},
journal = {Elife},
year = {2017},
volume = {6},
pages = {e24364},
month = mar
}

@article{jia2014caffe,
author = {Jia, Yangqing and Shelhamer, Evan and Donahue, Jeff and Karayev, Sergey and Long, Jonathan and Girshick, Ross and Guadarrama, Sergio and Darrell, Trevor},
title = {{Caffe: Convolutional Architecture for Fast Feature Embedding}},
journal = {arXiv preprint arXiv:1408.5093},
year = {2014}
}

@article{Raabe:2011uo,
author = {Raabe, Brigitte M and Artwohl, James E and Purcell, Jeanette E and Lovaglio, Jamie and Fortman, Jeffrey D},
title = {{Effects of weekly blood collection in C57BL/6 mice.}},
journal = {Journal of the American Association for Laboratory Animal Science : JAALAS},
year = {2011},
volume = {50},
number = {5},
pages = {680--685},
month = sep
}

@article{Schroff:2015wo,
author = {Schroff, Florian and Kalenichenko, Dmitry and Philbin, James},
title = {{FaceNet: A Unified Embedding for Face Recognition and Clustering 
}},
year = {2015},
pages = {815--823}
}

@article{Looger:2013ja,
author = {Looger, Loren L},
title = {{Genetically encoded calcium indicators for multi-color neural activity imaging and combination with optogenetics}},
year = {2013},
pages = {1--29},
month = mar
}

@article{Norton:2016dr,
author = {Norton, Philipp and Scharff, Constance},
title = {{{\textquotedblleft}Bird Song Metronomics{\textquotedblright}: Isochronous Organization of Zebra Finch Song Rhythm}},
journal = {Frontiers in Neuroscience},
year = {2016},
volume = {10},
number = {5},
pages = {59--15},
month = jul
}

@article{Worsley:1992ce,
author = {Worsley, K J and Evans, A C and Marrett, S and Neelin, P},
title = {{A three-dimensional statistical analysis for CBF activation studies in human brain.}},
journal = {Journal of cerebral blood flow and metabolism : official journal of the International Society of Cerebral Blood Flow and Metabolism},
year = {1992},
volume = {12},
number = {6},
pages = {900--918},
month = nov
}

@article{Hayn:2015ew,
author = {Hayn, Linda and Koch, Michael},
title = {{Suppression of excitotoxicity and foreign body response by memantine in chronic cannula implantation into the rat brain}},
journal = {Brain Research Bulletin},
year = {2015},
volume = {117},
pages = {54--68},
month = aug
}

@article{Dunn:2001dj,
author = {Dunn, A K and Bolay, H and Moskowitz, M A and Boas, D A},
title = {{Dynamic imaging of cerebral blood flow using laser speckle.}},
journal = {Journal of cerebral blood flow and metabolism : official journal of the International Society of Cerebral Blood Flow and Metabolism},
year = {2001},
volume = {21},
number = {3},
pages = {195--201},
month = mar
}

@article{Cui:2013dq,
author = {Cui, Guohong and Jun, Sang Beom and Jin, Xin and Pham, Michael D and Vogel, Steven S and Lovinger, David M and Costa, Rui M},
title = {{Concurrent activation of striatal direct and indirect pathways during action initiation}},
year = {2013},
volume = {494},
number = {7436},
pages = {238--242},
month = feb
}

@article{Takahashi:2015du,
author = {Takahashi, D Y and Fenley, A R and Teramoto, Y and Narayanan, D Z},
title = {{The developmental dynamics of marmoset monkey vocal production}},
journal = {Science (New York, N.Y.)},
year = {2015}
}

@book{Shroff:2011vt,
author = {Shroff, Anand A},
title = {{An eye on numbers: A ready reckoner in ophthalmology}},
publisher = {PostScript Media},
year = {2011},
address = {Mumbai}
}

@article{Arbuthnott:2016jt,
author = {Arbuthnott, Gordon and J{\'a}idar, Omar and Mekhail, Simon and Chormaic, S{\'\i}le Nic},
title = {{Fiber Bundle in-vivo Epifluorescence Microscopy with Image Reconstruction}},
journal = {Biomedical Optics 2016 (2016), paper JW3A.26},
year = {2016},
pages = {JW3A.26},
month = apr
}

@article{Krakauer:2017ie,
author = {Krakauer, John W and Ghazanfar, Asif A and Gomez-Marin, Alex and MacIver, Malcolm A and Poeppel, David},
title = {{Neuroscience Needs Behavior: Correcting a Reductionist Bias}},
journal = {Neuron},
year = {2017},
volume = {93},
number = {3},
pages = {480--490},
month = feb
}

@article{Treweek:2015dy,
author = {Treweek, Jennifer B and Chan, Ken Y and Flytzanis, Nicholas C and Yang, Bin and Deverman, Benjamin E and Greenbaum, Alon and Lignell, Antti and Xiao, Cheng and Cai, Long and Ladinsky, Mark S and Bjorkman, Pamela J and Fowlkes, Charless C and Gradinaru, Viviana},
title = {{Whole-body tissue stabilization and selective extractions via tissue-hydrogel hybrids for high-resolution intact circuit mapping and phenotyping}},
journal = {Nature Protocols},
year = {2015},
volume = {10},
number = {11},
pages = {1860--1896},
month = oct
}

@article{Adelsberger:2014jd,
author = {Adelsberger, Helmuth and Zainos, Antonio and Alvarez, Manuel and Romo, Ranulfo and Konnerth, Arthur},
title = {{Local domains of motor cortical activity revealed by fiber-optic calcium recordings in behaving nonhuman primates.}},
journal = {Proceedings of the National Academy of Sciences of the United States of America},
year = {2014},
volume = {111},
number = {1},
pages = {463--468},
month = jan
}

@article{Harris:2011dy,
author = {Harris, J P and Capadona, J R and Miller, R H and Healy, B C and Shanmuganathan, K and Rowan, S J and Weder, C and Tyler, D J},
title = {{Mechanically adaptive intracortical implants improve the proximity of neuronal cell bodies}},
journal = {Journal of Neural Engineering},
year = {2011},
volume = {8},
number = {6},
pages = {066011--14},
month = nov
}

@inproceedings{Cichocki:2006ta,
author = {Cichocki, Andrzej and Zdunek, Rafal and Amari, Shun-ichi},
title = {{New algorithms for non-negative matrix factorization in applications to blind source separation}},
booktitle = {IEEE Transactions on Acoustics, Speech, and Signal Processing},
year = {2006},
month = apr
}

@article{Benardete:1999tb,
author = {Benardete, E A and Kaplan, E},
title = {{The dynamics of primate M retinal ganglion cells.}},
journal = {Visual neuroscience},
year = {1999},
volume = {16},
number = {2},
pages = {355--368},
month = mar
}

@article{Lu:2017js,
author = {Lu, Rongwen and Sun, Wenzhi and Liang, Yajie and Kerlin, Aaron and Bierfeld, Jens and Seelig, Johannes D and Wilson, Daniel E and Scholl, Benjamin and Mohar, Boaz and Tanimoto, Masashi and Koyama, Minoru and Fitzpatrick, David and Orger, Michael B and Ji, Na},
title = {{Video-rate volumetric functional imaging of the brain at synaptic resolution}},
journal = {Nature Neuroscience},
year = {2017},
volume = {20},
number = {4},
pages = {620--628},
month = feb
}

@article{Stripling:2001dm,
author = {Stripling, Roy and Kruse, Amy A and Clayton, David F},
title = {{Development of song responses in the zebra finch caudomedial neostriatum: Role of genomic and electrophysiological activities}},
journal = {Journal of neurobiology},
year = {2001},
volume = {48},
number = {3},
pages = {163--180},
month = sep
}

@article{Yanagihara:2016hz,
author = {Yanagihara, Shin and Yazaki-Sugiyama, Yoko},
title = {{Auditory experience-dependent cortical circuit shaping for memory formation in bird song learning}},
journal = {Nature Communications},
year = {2016},
volume = {7},
pages = {1--11},
month = jun
}

@article{Khorasaninejad:2016fc,
author = {Khorasaninejad, Mohammadreza and Chen, Wei Ting and Devlin, Robert C and Oh, Jaewon and Zhu, Alexander Y and Capasso, Federico},
title = {{Metalenses at visible wavelengths: Diffraction-limited focusing and subwavelength resolution imaging.}},
journal = {Science (New York, N.Y.)},
year = {2016},
volume = {352},
number = {6290},
pages = {1190--1194},
month = jun
}

@article{Thevenaz:1998jk,
author = {Th{\'e}venaz, P and Ruttimann, U E and Unser, M},
title = {{A pyramid approach to subpixel registration based on intensity.}},
journal = {IEEE Transactions on Image Processing},
year = {1998},
volume = {7},
number = {1},
pages = {27--41}
}

@article{Davey:2008ip,
author = {Davey, K R},
title = {{Latin hypercube sampling and pattern search in magnetic field optimization problems}},
journal = {Magnetics},
year = {2008}
}

@article{Hayashi:2012kl,
author = {Hayashi, Yuichiro and Tagawa, Yoshiaki and Yawata, Satoshi and Nakanishi, Shigetada and Funabiki, Kazuo},
title = {{Spatio-temporal control of neural activity in vivousing fluorescence microendoscopy}},
journal = {European Journal of Neuroscience},
year = {2012},
volume = {36},
number = {6},
pages = {2722--2732},
month = jul
}

@article{Ward:1998tk,
author = {Ward, B C and Nordeen, E J and Nordeen, K W},
title = {{Individual variation in neuron number predicts differences in the propensity for avian vocal imitation}},
journal = {Proceedings of the National Academy of Sciences},
year = {1998},
volume = {95},
number = {3},
pages = {1277--1282},
month = feb
}

@article{Hall:2014ka,
author = {Hall, Michelle L and Riebel, Katharina and Omland, Kevin E and Langmore, Naomi E and Odom, Karan J},
title = {{Female song is widespread and ancestral in songbirds}},
journal = {Nature Communications},
year = {2014},
volume = {5},
pages = {1--6},
month = feb
}

@article{Westheimer:2012dv,
author = {Westheimer, Gerald},
title = {{Optical superresolution and visual hyperacuity}},
journal = {Progress in Retinal and Eye Research },
year = {2012},
volume = {31},
number = {5},
pages = {467--480},
month = sep
}

@article{Sussillo:2015kp,
author = {Sussillo, David and Churchland, Mark M and Kaufman, Matthew T and Shenoy, Krishna V},
title = {{A neural network that finds a naturalistic solution for the production of muscle activity}},
journal = {Nature Neuroscience},
year = {2015},
volume = {18},
number = {7},
pages = {1025--1033},
month = jun
}

@article{Suarez:2016dg,
author = {Su{\'a}rez, Javier I and Sengupta, Parijat and Mun, Jonathan Guo-Han and Iyer, Rajashekar and Rhodes, Justin and Gillette, Martha U and Boppart, Stephen A},
title = {{Spatially controlled optogenetic light stimulation and recording platform via imaging fiber bundles (Conference Presentation)}},
year = {2016},
pages = {1--1},
month = apr
}

@article{Bottjer:1984up,
author = {Bottjer, S W and Miesner, E A and Arnold, A P},
title = {{Forebrain lesions disrupt development but not maintenance of song in passerine birds.}},
journal = {Science (New York, N.Y.)},
year = {1984},
volume = {224},
number = {4651},
pages = {901--903},
month = may
}

@article{Kruger:2010jz,
author = {Kr{\"u}ger, J{\"u}rgen},
title = {{Seven years of recording from monkey cortex with a chronically implanted multiple microelectrode}},
journal = {Frontiers in Neuroengineering},
year = {2010},
pages = {1--9}
}

@article{Xu:2015hi,
author = {Xu, Min and Chung, Shinjae and Zhang, Siyu and Zhong, Peng and Ma, Chenyan and Chang, Wei-Cheng and Weissbourd, Brandon and Sakai, Noriaki and Luo, Liqun and Nishino, Seiji and Dan, Yang},
title = {{Basal forebrain circuit for sleep-wake control}},
journal = {Nature Neuroscience},
year = {2015},
volume = {18},
number = {11},
pages = {1641--1647},
month = oct
}

@inproceedings{Virtanen:2008vs,
author = {Virtanen, Tuomas and Cemgil, A Taylan and Godsill, Simon},
title = {{Bayesian extensions to non-negative matrix factorisation for audio signal modelling}},
booktitle = {IEEE Transactions on Acoustics, Speech, and Signal Processing},
year = {2008},
pages = {1825--1828},
month = apr
}

@article{Slater:1989fc,
author = {Slater, Peter J B},
title = {{Bird song learning: causes and consequences}},
journal = {Ethology Ecology {\&} Evolution},
year = {1989},
volume = {1},
number = {1},
pages = {19--46},
month = may
}

@article{Rizal:2014dg,
author = {Rizal, Binod and Merlo, Juan M and Burns, Michael J and Chiles, Thomas C and Naughton, Michael J},
title = {{Nanocoaxes for optical and electronic devices}},
journal = {The Analyst},
year = {2014},
volume = {140},
number = {1},
pages = {39--58},
month = nov
}

@article{JohnPSeymour:2006td,
author = {Seymour, John P and Kipke, Daryl R},
title = {{Fabrication of polymer neural probes with sub-cellular features for reduced tissue encapsulation.}},
journal = {Conference proceedings : ... Annual International Conference of the IEEE Engineering in Medicine and Biology Society. IEEE Engineering in Medicine and Biology Society. Annual Conference},
year = {2006},
volume = {1},
pages = {4606--4609}
}

@article{Gunaydin:2014dh,
author = {Gunaydin, Lisa A and Grosenick, Logan and Finkelstein, Joel C and Kauvar, Isaac V and Fenno, Lief E and Adhikari, Avishek and Lammel, Stephan and Mirzabekov, Julie J and Airan, Raag D and Zalocusky, Kelly A and Tye, Kay M and Anikeeva, Polina and Malenka, Robert C and Deisseroth, Karl},
title = {{Natural neural projection dynamics underlying social behavior.}},
journal = {Cell},
year = {2014},
volume = {157},
number = {7},
pages = {1535--1551},
month = jun
}

@article{Lin:2016id,
author = {Lin, Michael Z and Schnitzer, Mark J},
title = {{Genetically encoded indicators of neuronal activity}},
journal = {Nature Neuroscience},
year = {2016},
volume = {19},
number = {9},
pages = {1142--1153},
month = aug
}

@article{Hayn:2017kj,
author = {Hayn, Linda and Deppermann, Linda and Koch, Michael},
title = {{Reduction of the foreign body response and neuroprotection by apyrase and minocycline in chronic cannula implantation in the rat brain}},
journal = {Clinical and Experimental Pharmacology and Physiology},
year = {2017},
volume = {44},
number = {2},
pages = {313--323},
month = jan
}

@article{Team:2016uc,
author = {Team, The Theano Development and Al-Rfou, Rami and Alain, Guillaume and Almahairi, Amjad and Angermueller, Christof and Bahdanau, Dzmitry and Ballas, Nicolas and Bastien, Fr{\'e}d{\'e}ric and Bayer, Justin and Belikov, Anatoly and Belopolsky, Alexander and Bengio, Yoshua and Bergeron, Arnaud and Bergstra, James and Bisson, Valentin and Snyder, Josh Bleecher and Bouchard, Nicolas and Boulanger-Lewandowski, Nicolas and Bouthillier, Xavier and de Br{\'e}bisson, Alexandre and Breuleux, Olivier and Carrier, Pierre-Luc and Cho, Kyunghyun and Chorowski, Jan and Christiano, Paul and Cooijmans, Tim and C{\^o}t{\'e}, Marc-Alexandre and C{\^o}t{\'e}, Myriam and Courville, Aaron and Dauphin, Yann N and Delalleau, Olivier and Demouth, Julien and Desjardins, Guillaume and Dieleman, Sander and Dinh, Laurent and Ducoffe, M{\'e}lanie and Dumoulin, Vincent and Kahou, Samira Ebrahimi and Erhan, Dumitru and Fan, Ziye and Firat, Orhan and Germain, Mathieu and Glorot, Xavier and Goodfellow, Ian and Graham, Matt and Gulcehre, Caglar and Hamel, Philippe and Harlouchet, Iban and Heng, Jean-Philippe and Hidasi, Bal{\'a}zs and Honari, Sina and Jain, Arjun and Jean, S{\'e}bastien and Jia, Kai and Korobov, Mikhail and Kulkarni, Vivek and Lamb, Alex and Lamblin, Pascal and Larsen, Eric and Laurent, C{\'e}sar and Lee, Sean and Lefrancois, Simon and Lemieux, Simon and L{\'e}onard, Nicholas and Lin, Zhouhan and Livezey, Jesse A and Lorenz, Cory and Lowin, Jeremiah and Ma, Qianli and Manzagol, Pierre-Antoine and Mastropietro, Olivier and McGibbon, Robert T and Memisevic, Roland and van Merri{\"e}nboer, Bart and Michalski, Vincent and Mirza, Mehdi and Orlandi, Alberto and Pal, Christopher and Pascanu, Razvan and Pezeshki, Mohammad and Raffel, Colin and Renshaw, Daniel and Rocklin, Matthew and Romero, Adriana and Roth, Markus and Sadowski, Peter and Salvatier, John and Savard, Fran{\c c}ois and Schl{\"u}ter, Jan and Schulman, John and Schwartz, Gabriel and Serban, Iulian Vlad and Serdyuk, Dmitriy and Shabanian, Samira and Simon, {\'E}tienne and Spieckermann, Sigurd and Subramanyam, S Ramana and Sygnowski, Jakub and Tanguay, J{\'e}r{\'e}mie and van Tulder, Gijs},
title = {{Theano: A Python framework for fast computation of mathematical expressions}},
year = {2016},
eprint = {1605.02688},
eprinttype = {arxiv},
month = may
}

@article{Gentner:2000tr,
author = {Gentner, Timothy Q and Hulse, S H and Bentley, G E and Ball, G F},
title = {{Individual vocal recognition and the effect of partial lesions to HVc on discrimination, learning, and categorization of conspecific song in adult songbirds.}},
journal = {Journal of neurobiology},
year = {2000},
volume = {42},
number = {1},
pages = {117--133},
month = jan
}

@article{KosubekLanger:2017jb,
author = {Kosubek-Langer, Jennifer and Schulze, Lydia and Scharff, Constance},
title = {{Maturation, Behavioral Activation, and Connectivity of Adult-Born Medium Spiny Neurons in a Striatal Song Nucleus}},
journal = {Frontiers in Neuroscience},
year = {2017},
volume = {11},
pages = {101--12},
month = jun
}

@article{Wu:2015gk,
author = {Wu, Fan and Stark, Eran and Ku, Pei-Cheng and Wise, Kensall D and Buzs{\'a}ki, Gy{\"o}rgy and Yoon, Euisik},
title = {{Monolithically Integrated {\textmu}LEDs on Silicon Neural Probes for High-Resolution Optogenetic Studies in Behaving Animals}},
journal = {Neuron},
year = {2015},
volume = {88},
number = {6},
pages = {1136--1148},
month = dec
}

@article{Tian:2009fw,
author = {Tian, Lin and Hires, S Andrew and Mao, Tianyi and Huber, Daniel and Chiappe, M Eugenia and Chalasani, Sreekanth H and Petreanu, Leopoldo and Akerboom, Jasper and McKinney, Sean A and Schreiter, Eric R and Bargmann, Cornelia I and Jayaraman, Vivek and Svoboda, Karel and Looger, Loren L},
title = {{Imaging neural activity in worms, flies and mice with improved GCaMP calcium indicators}},
journal = {Nature Methods},
year = {2009},
volume = {6},
number = {12},
pages = {875--881},
month = nov
}

@article{Cai:2016hm,
author = {Cai, Denise J and Aharoni, Daniel and Shuman, Tristan and Shobe, Justin and Biane, Jeremy and Song, Weilin and Wei, Brandon and Veshkini, Michael and La-Vu, Mimi and Lou, Jerry and Flores, Sergio E and Kim, Isaac and Sano, Yoshitake and Zhou, Miou and Baumgaertel, Karsten and Lavi, Ayal and Kamata, Masakazu and Tuszynski, Mark and Mayford, Mark and Golshani, Peyman and Silva, Alcino J},
title = {{A shared neural ensemble links distinct contextual memories encoded close in time}},
year = {2016},
volume = {534},
number = {7605},
pages = {1--16},
month = may
}

@article{Levi:1985vh,
author = {Levi, D M and Klein, S A and Aitsebaomo, A P},
title = {{Vernier acuity, crowding and cortical magnification.}},
journal = {Vision research},
year = {1985},
volume = {25},
number = {7},
pages = {963--977}
}

@article{Plumbley:2004jb,
author = {Plumbley, Mark D and Oja, Erkki},
title = {{A "nonnegative PCA" algorithm for independent component analysis}},
journal = {IEEE Transactions on Neural Networks},
year = {2004},
volume = {15},
number = {1},
pages = {66--76},
month = jan
}

@article{Roberts:2012kv,
author = {Roberts, Todd F and Gobes, Sharon M H and Murugan, Malavika and {\"O}lveczky, Bence P and Mooney, Richard},
title = {{Motor circuits are required to encode a sensory model for imitative learning}},
journal = {Nature Neuroscience},
year = {2012},
volume = {15},
number = {10},
pages = {1454--1459},
month = sep
}

@article{Rochefort:2009jv,
author = {Rochefort, Nathalie L and Garaschuk, Olga and Milos, Ruxandra-Iulia and Narushima, Madoka and Marandi, Nima and Pichler, Bruno and Kovalchuk, Yury and Konnerth, Arthur},
title = {{Sparsification of neuronal activity in the visual cortex at eye-opening.}},
journal = {Proceedings of the National Academy of Sciences of the United States of America},
year = {2009},
volume = {106},
number = {35},
pages = {15049--15054},
month = sep
}

@article{Glaze:2006em,
author = {Glaze, Christopher M and Troyer, Todd W},
title = {{Temporal structure in zebra finch song: implications for motor coding.}},
journal = {The Journal of neuroscience : the official journal of the Society for Neuroscience},
year = {2006},
volume = {26},
number = {3},
pages = {991--1005},
month = jan
}

@article{PalffyMuhoray:2009cl,
author = {Palffy-Muhoray, Peter},
title = {{Liquid crystals: Printed actuators in a flap}},
journal = {Nature Materials},
year = {2009},
volume = {8},
number = {8},
pages = {614--615},
month = aug
}

@article{Liu:2015cr,
author = {Liu, Wan-chun and Kohn, Jessica and Szwed, Sarah K and Pariser, Eben and Sepe, Sharon and Haripal, Bhagwattie and Oshimori, Naoki and Marsala, Martin and Miyanohara, Atsushi and Lee, Ramee},
title = {{Human mutant huntingtin disrupts vocal learning in transgenic songbirds}},
journal = {Nature Neuroscience},
year = {2015},
volume = {18},
number = {11},
pages = {1617--1622},
month = oct
}

@article{Hampapur:2001db,
author = {Hampapur, Arun and Hyun, Kiho and Bolle, Ruud M},
title = {{Comparison of sequence matching techniques for video copy detection}},
journal = {Electronic Imaging 2002},
year = {2001},
volume = {4676},
pages = {194--201},
month = dec
}

@article{Hyvarinen:2000vk,
author = {Hyv{\"a}rinen, A and Oja, Erkki},
title = {{Independent component analysis: algorithms and applications.}},
journal = {Neural networks : the official journal of the International Neural Network Society},
year = {2000},
volume = {13},
number = {4-5},
pages = {411--430},
month = may
}

@article{Collombet:2006fj,
author = {Collombet, Jean-Marc and Masqueliez, Catherine and Four, Elise and Burckhart, Marie-France and Bernab{\'e}, Denis and Baubichon, Dominique and Lallement, Guy},
title = {{Early reduction of NeuN antigenicity induced by soman poisoning in mice can be used to predict delayed neuronal degeneration in the hippocampus}},
journal = {Neuroscience Letters},
year = {2006},
volume = {398},
number = {3},
pages = {337--342},
month = may
}

@article{Schulz:2012fv,
author = {Schulz, Kristina and Sydekum, Esther and Krueppel, Roland and Engelbrecht, Christoph J and Schlegel, Felix and Schr{\"o}ter, Aileen and Rudin, Markus and Helmchen, Fritjof},
title = {{Simultaneous BOLD fMRI and fiber-optic calcium recording in rat neocortex}},
journal = {Nature Methods},
year = {2012},
volume = {9},
number = {6},
pages = {597--602},
month = may
}

@article{Klein:1985tv,
author = {Klein, S A and Levi, D M},
title = {{Hyperacuity thresholds of 1 sec: theoretical predictions and empirical validation.}},
journal = {Journal of the Optical Society of America. A, Optics and image science},
year = {1985},
volume = {2},
number = {7},
pages = {1170--1190},
month = jul
}

@article{kollias1999tabulated,
author = {Kollias, N and Gratzer, W},
title = {{Tabulated molar extinction coefficient for hemoglobin in water}},
journal = {Wellman Laboratories, Harvard Medical School, Boston},
year = {1999}
}

@article{Fu:2016fg,
author = {Fu, Tian-Ming and Hong, Guosong and Zhou, Tao and Schuhmann, Thomas G and Viveros, Robert D and Lieber, Charles M},
title = {{Stable long-term chronic brain mapping at the single-neuron level}},
journal = {Nature Publishing Group},
year = {2016},
pages = {1--13},
month = aug
}

@article{Liberti:2016bc,
author = {Liberti III, William A and Markowitz, Jeffrey E and Perkins, L Nathan and Liberti, Derek C and Leman, Daniel P and Guitchounts, Grigori and Velho, Tarciso and Kotton, Darrell N and Lois, Carlos and Gardner, Timothy J},
title = {{Unstable neurons underlie a stable learned behavior}},
journal = {Nature Neuroscience},
year = {2016},
volume = {19},
number = {12},
pages = {1--10},
month = oct
}

@article{Tischbirek:2015fi,
author = {Tischbirek, Carsten and Birkner, Antje and Jia, Hongbo and Sakmann, Bert and Konnerth, Arthur},
title = {{Deep two-photon brain imaging with a red-shifted fluorometric Ca 2+indicator}},
journal = {Proceedings of the National Academy of Sciences},
year = {2015},
volume = {112},
number = {36},
pages = {11377--11382},
month = sep
}

@article{Bouchard:2015gr,
author = {Bouchard, Matthew B},
title = {{Swept confocally-aligned planar excitation (SCAPE) microscopy for high-speed volumetric imaging of behaving organisms}},
journal = {Nature Photonics},
year = {2015},
volume = {9},
number = {2},
pages = {113
--119
},
month = jan
}

@article{Zeng:2015gz,
author = {Zeng, Hao and Wasylczyk, Piotr and Parmeggiani, Camilla and Martella, Daniele and Burresi, Matteo and Wiersma, Diederik Sybolt},
title = {{Light-Fueled Microscopic Walkers}},
journal = {Advanced Materials},
year = {2015},
volume = {27},
number = {26},
pages = {3883--3887},
month = may
}

@article{Ozerov:2010jf,
author = {Ozerov, A and Fevotte, C},
title = {{Multichannel Nonnegative Matrix Factorization in Convolutive Mixtures for Audio Source Separation}},
journal = {IEEE Transactions on Audio, Speech and Language Processing},
year = {2010},
volume = {18},
number = {3},
pages = {550--563},
month = feb
}

@techreport{Dana:2016hx,
author = {Dana, Hod and Mohar, Boaz and Sun, Yi and Narayan, Sujatha and Gordus, Andrew and Hasseman, Jeremy P and Tsegaye, Getahun and Holt, Graham T and Hu, Amy and Walpita, Deepika and Patel, Ronak and Macklin, John J and Bargmann, Cornelia I and Ahrens, Misha B and Schreiter, Eric R and Jayaraman, Vivek and Looger, Loren L and Svoboda, Karel and Kim, Douglas S},
title = {{Sensitive red protein calcium indicators for imaging neural activity}},
year = {2016},
month = feb
}

@incollection{Kass2014,
author = {Kass, Robert E and Eden, Uri T and Brown, Emery N},
title = {{Point Processes}},
booktitle = {Analysis of Neural Data},
year = {2014},
pages = {563--603},
publisher = {Springer New York},
address = {New York, NY}
}

@article{Kamilov:2015bm,
author = {Kamilov, Ulugbek S and Papadopoulos, Ioannis N and Shoreh, Morteza H and Goy, Alexandre and Vonesch, Cedric and Unser, Michael and Psaltis, Demetri},
title = {{Learning approach to optical tomography}},
year = {2015},
volume = {2},
number = {6},
pages = {517--6}
}

@article{Gissibl:2016bj,
author = {Gissibl, Timo and Thiele, Simon and Herkommer, Alois and Giessen, Harald},
title = {{Two-photon direct laser writing of ultracompact multi-lens objectives}},
journal = {Nature Photonics},
year = {2016},
volume = {10},
number = {8},
pages = {1--9},
month = jul
}

@article{Ford:2011cp,
author = {Ford, Helen D and Tatam, Ralph P},
title = {{Characterization of optical fiber imaging bundles for swept-source optical coherence tomography.}},
journal = {Applied optics},
year = {2011},
volume = {50},
number = {5},
pages = {627--640},
month = feb
}

@article{Sussillo:2013jj,
author = {Sussillo, David and Barak, Omri},
title = {{Opening the black box: low-dimensional dynamics in high-dimensional recurrent neural networks.}},
journal = {Neural computation},
year = {2013},
volume = {25},
number = {3},
pages = {626--649},
month = mar
}

@article{Doupe:2015fq,
author = {Doupe, Allison J and Mehaffey, W Hamish},
title = {{Naturalistic stimulation drives opposing heterosynaptic plasticity at two inputs to songbird cortex}},
journal = {Nature Neuroscience},
year = {2015},
pages = {1--10},
month = aug
}

@article{Warren:2011ex,
author = {Warren, T L and Tumer, E C and Charlesworth, J D and Brainard, M S},
title = {{Mechanisms and time course of vocal learning and consolidation in the adult songbird}},
journal = {Journal of Neurophysiology},
year = {2011},
volume = {106},
number = {4},
pages = {1806--1821},
month = oct
}

@article{Glaze:2007fy,
author = {Glaze, Christopher M and Troyer, Todd W},
title = {{Behavioral measurements of a temporally precise motor code for birdsong.}},
journal = {The Journal of neuroscience : the official journal of the Society for Neuroscience},
year = {2007},
volume = {27},
number = {29},
pages = {7631--7639},
month = jul
}

@article{Harris:2016fv,
author = {Harris, Kenneth D and Quiroga, Rodrigo Quian and Freeman, Jeremy and Smith, Spencer L},
title = {{Improving data quality in neuronal population recordings}},
journal = {Nature Neuroscience},
year = {2016},
volume = {19},
number = {9},
pages = {1165--1174},
month = aug
}

@article{Anonymous:vgfRPeTa,
author = {Benson, R C and Meyer, R A and Histochemistry, ME Zaruba of and McKhann, G M},
title = {{Cellular autofluorescence--is it due to flavins?}},
journal = {journals.sagepub.com
},
year = {2017},
volume = {27},
number = {1},
pages = {44--48},
month = jan
}

@article{Russakovsky:2015hb,
author = {Russakovsky, Olga},
title = {{ImageNet Large Scale Visual Recognition Challenge}},
journal = {International journal of computer vision},
year = {2015},
pages = {1--42},
month = apr
}

@article{Fee:2011je,
author = {Fee, Michale S and Goldberg, Jesse H},
title = {{A hypothesis for basal ganglia-dependent reinforcement learning in the songbird}},
year = {2011},
volume = {198},
pages = {152--170},
month = dec
}

@article{Cybulski:2014cf,
author = {Cybulski, T R and Glaser, Joshua I and Marblestone, A H and Zamft, Bradley M and Boyden, Edward S and Church, George M and Kording, Konrad P},
title = {{Spatial information in large-scale neural recordings}},
journal = {Frontiers in {\ldots}},
year = {2014}
}

@article{Huey:1900va,
author = {Huey, E B},
title = {{On the psychology and physiology of reading. I}},
journal = {The American journal of psychology},
year = {1900},
volume = {11},
number = {3},
pages = {283}
}

@article{Lee:2009wl,
author = {Lee, Honglak and Pham, Peter and Largman, Yan and Ng, Andrew Y},
title = {{Unsupervised feature learning for audio classification using convolutional deep belief networks}},
year = {2009},
pages = {1096--1104}
}

@article{Onken:2016gb,
author = {Onken, Arno and Liu, Jian K and Karunasekara, P P Chamanthi R and Delis, Ioannis and Gollisch, Tim and Panzeri, Stefano},
title = {{Using Matrix and Tensor Factorizations for the Single-Trial Analysis of Population Spike Trains}},
journal = {PLOS Computational Biology},
year = {2016},
volume = {12},
number = {11},
pages = {e1005189--46},
month = nov
}

@article{Kim:2016ip,
author = {Kim, Christina K and Yang, Samuel J and Pichamoorthy, Nandini and Young, Noah P and Kauvar, Isaac and Jennings, Joshua H and Lerner, Talia N and Berndt, Andre and Lee, Soo Yeun and Ramakrishnan, Charu and Davidson, Thomas J and Inoue, Masatoshi and Bito, Haruhiko and Deisseroth, Karl},
title = {{Simultaneous fast measurement of circuit dynamics at multiple sites across the mammalian brain}},
journal = {Nature Methods},
year = {2016},
volume = {13},
number = {4},
pages = {325--328},
month = feb
}

@article{Hanley:te,
title = {{The Meaning and Use of the Area under a Receiver Operating Characteristic (ROC) Curve}},
journal = {pubs.rsna.org
}
}

@article{Han:2013iz,
author = {Han, Zhou and Jin, Lei and Platisa, Jelena and Cohen, Lawrence B and Baker, Bradley J and Pieribone, Vincent A},
title = {{Fluorescent Protein Voltage Probes Derived from ArcLight that Respond to Membrane Voltage Changes with Fast Kinetics}},
journal = {PloS one},
year = {2013},
volume = {8},
number = {11},
pages = {e81295--9},
month = nov
}

@article{Ward:1998tka,
author = {Ward, B C and Nordeen, E J and Nordeen, K W},
title = {{Individual variation in neuron number predicts differences in the propensity for avian vocal imitation.}},
journal = {Proceedings of the National Academy of Sciences},
year = {1998},
volume = {95},
number = {3},
pages = {1277--1282},
month = feb
}

@article{Uhlirova:2016jt,
author = {Uhlirova, Hana and K{\i}l{\i}{\c c}, K{\i}v{\i}lc{\i}m and Tian, Peifang and Thunemann, Martin and Desjardins, Mich{\`e}le and Saisan, Payam A and Sakad{\v z}i{\'c}, Sava and Ness, Torbj{\o}rn V and Mateo, Celine and Cheng, Qun and Weldy, Kimberly L and Razoux, Florence and Vandenberghe, Matthieu and Cremonesi, Jonathan A and Ferri, Christopher Gl and Nizar, Krystal and Sridhar, Vishnu B and Steed, Tyler C and Abashin, Maxim and Fainman, Yeshaiahu and Masliah, Eliezer and Djurovic, Srdjan and Andreassen, Ole A and Silva, Gabriel A and Boas, David A and Kleinfeld, David and Buxton, Richard B and Einevoll, Gaute T and Dale, Anders M and Devor, Anna},
title = {{Cell type specificity of neurovascular coupling in cerebral cortex.}},
journal = {Elife},
year = {2016},
volume = {5},
pages = {155},
month = may
}

@article{Rucci:2007br,
author = {Rucci, Michele and Iovin, Ramon and Poletti, Martina and Santini, Fabrizio},
title = {{Miniature eye movements enhance fine spatial detail}},
year = {2007},
volume = {447},
number = {7146},
pages = {852--855},
month = jun
}

@article{Parra:vm,
author = {Parra, Lucas and Spence, Clay},
title = {{Convolutive blind separation of non-stationary sources}},
journal = {ieeexplore.ieee.org
},
year = {2000},
volume = {8},
number = {3},
pages = {320--327},
month = may
}

@inproceedings{Bernstein:2008bq,
author = {Bernstein, Jacob G and Han, Xue and Henninger, Michael A and Ko, Emily Y and Qian, Xiaofeng and Talei Franzesi, Giovanni and McConnell, Jackie P and Stern, Patrick and Desimone, Robert and Boyden, Edward S},
title = {{Prosthetic systems for therapeutic optical activation and silencing of genetically targeted neurons}},
booktitle = {Biomedical Optics (BiOS) 2008},
year = {2008},
editor = {Jacques, Steven L and Roach, William P and Thomas, Robert J},
pages = {68540H--68540H--11},
publisher = {SPIE},
month = feb
}

@article{Larsen:2015vi,
author = {Larsen, Anders Boesen Lindbo and S{\o}nderby, S{\o}ren Kaae and Larochelle, Hugo and Winther, Ole},
title = {{Autoencoding beyond pixels using a learned similarity metric}},
year = {2015},
eprint = {1512.09300},
eprinttype = {arxiv},
month = dec
}

@article{Markowitz:2018bt,
author = {Markowitz, Jeffrey E and Gillis, Winthrop F and Beron, Celia C and Neufeld, Shay Q and Robertson, Keiramarie and Bhagat, Neha D and Peterson, Ralph E and Peterson, Emalee and Hyun, Minsuk and Linderman, Scott W and Sabatini, Bernardo L and Datta, Sandeep Robert},
title = {{The Striatum Organizes 3D Behavior via Moment-to- Moment Action Selection}},
journal = {Cell},
year = {2018},
pages = {1--33},
month = may
}

@article{GuizarSicairos:2008hx,
author = {Guizar-Sicairos, Manuel and Thurman, Samuel T and Fienup, James R},
title = {{Efficient subpixel image registration algorithms}},
journal = {Optics letters},
year = {2008},
volume = {33},
number = {2},
pages = {156--158},
month = jan
}

@article{Emiliani:2015jl,
author = {Emiliani, V and Cohen, A E and Deisseroth, Karl and Hausser, M},
title = {{All-Optical Interrogation of Neural Circuits}},
journal = {Journal of Neuroscience},
year = {2015},
volume = {35},
number = {41},
pages = {13917--13926},
month = oct
}

@article{Heshmat:2016iq,
author = {Heshmat, Barmak and Lee, Ik Hyun and Raskar, Ramesh},
title = {{Optical brush: Imaging through permuted probes}},
journal = {Nature Publishing Group},
year = {2016},
volume = {6},
pages = {1--9},
month = jan
}

@article{Cherici:2012gm,
author = {Cherici, C and Kuang, X and Poletti, M and Rucci, M},
title = {{Precision of sustained fixation in trained and untrained observers}},
journal = {Journal of Vision},
year = {2012},
volume = {12},
number = {6},
pages = {31--31},
month = jun
}

@article{Erhan:2014ve,
author = {Erhan, D and Szegedy, C and Toshev, A},
title = {{Scalable object detection using deep neural networks}},
journal = {Computer Vision and {\ldots}},
year = {2014}
}

@article{Picardo:2016hv,
author = {Picardo, Michel A and Merel, Josh and Katlowitz, Kalman A and Vallentin, Daniela and Okobi, Daniel E and Benezra, Sam E and Clary, Rachel C and Pnevmatikakis, Eftychios A and Paninski, Liam and Long, Michael A},
title = {{Population-Level Representation of a Temporal Sequence Underlying Song Production in the Zebra Finch}},
journal = {Neuron},
year = {2016},
volume = {90},
number = {4},
pages = {866--876},
month = may
}

@article{Pearre:2017cs,
author = {Pearre, Ben and Perkins, L Nathan and Markowitz, Jeffrey E and Gardner, Timothy J},
title = {{A fast and accurate zebra finch syllable detector}},
journal = {PloS one},
year = {2017},
volume = {12},
number = {7},
pages = {e0181992--18},
month = jul
}

@article{Ullrich:2016es,
author = {Ullrich, Robert and Norton, Philipp and Scharff, Constance},
title = {{Waltzing Taeniopygia: integration of courtship song and dance in the domesticated Australian zebra finch}},
journal = {Animal Behaviour},
year = {2016},
volume = {112},
number = {C},
pages = {285--300},
month = feb
}

@article{Pnevmatikakis:2016gr,
author = {Pnevmatikakis, Eftychios A and Soudry, Daniel and Gao, Yuanjun and Machado, Timothy A and Merel, Josh and Pfau, David and Reardon, Thomas and Mu, Yu and Lacefield, Clay and Yang, Weijian and Ahrens, Misha and Bruno, Randy and Jessell, Thomas M and Peterka, Darcy S and Yuste, Rafael and Paninski, Liam},
title = {{Simultaneous Denoising, Deconvolution, and Demixing of Calcium Imaging Data}},
journal = {Neuron},
year = {2016},
volume = {89},
number = {2},
pages = {285--299},
month = jan
}

@article{Flusberg:2005ika,
author = {Flusberg, Benjamin A and Cocker, Eric D and Piyawattanametha, Wibool and Jung, Juergen C and Cheung, Eunice L M and Schnitzer, Mark J},
title = {{Fiber-optic fluorescence imaging}},
journal = {Nature Methods},
year = {2005},
volume = {2},
number = {12},
pages = {941--950},
month = dec
}

@article{Kozai:2012bp,
author = {Kozai, Takashi D Yoshida and Langhals, Nicholas B and Patel, Paras R and Deng, Xiaopei and Zhang, Huanan and Smith, Karen L and Lahann, Joerg and Kotov, Nicholas A and Kipke, Daryl R},
title = {{Ultrasmall implantable composite microelectrodes with bioactive surfaces for chronic neural interfaces}},
journal = {Nature Materials},
year = {2012},
volume = {11},
number = {12},
pages = {1065--1073},
month = nov
}

@article{Schmidt:tl,
author = {Schmidt, Mikkel N and Olsson, Rasmus K},
title = {{Single-channel speech separation using sparse non-negative matrix factorization}},
journal = {Ninth International Conference on Spoken Language Processing}
}

@techreport{Dhawale:2015ec,
author = {Dhawale, Ashesh K and Poddar, Rajesh and Kopelowitz, Evi and Normand, Valentin and Wolff, Steffen and Olveczky, Bence},
title = {{Automated long-term recording and analysis of neural activity in behaving animals}},
year = {2015},
month = nov
}

@article{Walton:2012fj,
author = {Walton, C and Pariser, E and Nottebohm, F},
title = {{The Zebra Finch Paradox: Song Is Little Changed, But Number of Neurons Doubles}},
journal = {Journal of Neuroscience},
year = {2012},
volume = {32},
number = {3},
pages = {761--774},
month = jan
}

@article{Suarez:2017ee,
author = {Su{\'a}rez, Javier I and Sengupta, Parijat and Mun, Jonathan Guo-Han and Rhodes, Justin and Boppart, Stephen A},
title = {{Spatial control of in vivo optogenetic light stimulation and recording via an imaging fiber bundle (Conference Presentation)}},
year = {2017},
pages = {1--1},
month = apr
}

@article{Andalman:2009bh,
author = {Andalman, Aaron S and Fee, Michale S},
title = {{A basal ganglia-forebrain circuit in the songbird biases motor output to avoid vocal errors.}},
journal = {Proceedings of the National Academy of Sciences of the United States of America},
year = {2009},
volume = {106},
number = {30},
pages = {12518--12523},
month = jul
}

@article{Benjamini:2001bi,
author = {Benjamini, Y and Yekutieli, D},
title = {{The control of the false discovery rate in multiple testing under dependency}},
journal = {The Annals of Statistics},
year = {2001},
volume = {29},
number = {4},
pages = {1165--1188},
month = aug
}

@article{Warden:2014bx,
author = {Warden, Melissa R and Cardin, Jessica A and Deisseroth, Karl},
title = {{Optical Neural Interfaces}},
journal = {Annual Review of Biomedical Engineering},
year = {2014},
volume = {16},
number = {1},
pages = {103--129},
month = jul
}

@article{McConnell:2009hr,
author = {McConnell, George C and Rees, Howard D and Levey, Allan I and Gutekunst, Claire-Anne and Gross, Robert E and Bellamkonda, Ravi V},
title = {{Implanted neural electrodes cause chronic, local inflammation that is correlated with local neurodegeneration}},
journal = {Journal of Neural Engineering},
year = {2009},
volume = {6},
number = {5},
pages = {056003--13},
month = aug
}

@article{Beckers:2014kp,
author = {Beckers, Gabri{\"e}l JL and van der Meij, Jacqueline and Lesku, John A and Rattenborg, Niels C},
title = {{Plumes of neuronal activity propagate in three dimensions through the nuclear avian brain}},
journal = {BMC Biology},
year = {2014},
volume = {12},
number = {1},
pages = {16--11}
}

@article{Tervo:2016go,
author = {Tervo, D Gowanlock R and Hwang, Bum-Yeol and Viswanathan, Sarada and Gaj, Thomas and Lavzin, Maria and Ritola, Kimberly D and Lindo, Sarah and Michael, Susan and Kuleshova, Elena and Ojala, David and Huang, Cheng-Chiu and Gerfen, Charles R and Schiller, Jackie and Dudman, Joshua T and Hantman, Adam W and Looger, Loren L and Schaffer, David V and Karpova, Alla Y},
title = {{A Designer AAV Variant Permits Efficient Retrograde Access to Projection Neurons}},
journal = {Neuron},
year = {2016},
volume = {92},
number = {2},
pages = {1--12},
month = oct
}

@article{Rodney:1999vj,
author = {{Rodney}},
title = {{NeuN, a neuronal specific nuclear protein in vertebrates}},
year = {1999},
pages = {1--11},
month = feb
}

@article{Phillips:2017hp,
author = {Phillips, Lorraine J and DeRoche, Chelsea B and Rantz, Marilyn and Alexander, Gregory L and Skubic, Marjorie and Despins, Laurel and Abbott, Carmen and Harris, Bradford H and Galambos, Colleen and Koopman, Richelle J},
title = {{Using Embedded Sensors in Independent Living to Predict Gait Changes and Falls}},
journal = {Western Journal of Nursing Research},
year = {2017},
volume = {39},
number = {1},
pages = {78--94},
month = jan
}

@article{Chen:2015jb,
author = {Chen, Simon X and Kim, An Na and Peters, Andrew J and Komiyama, Takaki},
title = {{Subtype-specific plasticity of inhibitory circuits in motor cortex during motor learning}},
journal = {Nature Neuroscience},
year = {2015},
volume = {18},
number = {8},
pages = {1109--1115},
month = jun
}

@article{Glaser:2015jl,
author = {Glaser, Joshua I and Zamft, Bradley M and Church, George M and Kording, Konrad P},
title = {{Puzzle Imaging: Using Large-Scale Dimensionality Reduction Algorithms for Localization.}},
journal = {PloS one},
year = {2015},
volume = {10},
number = {7},
pages = {e0131593}
}

@article{Aronov:2017hw,
author = {Aronov, Dmitriy and Nevers, Rhino and Tank, David W},
title = {{Mapping of a non-spatial dimension by the hippocampal{\textendash}entorhinal circuit}},
journal = {Nature Publishing Group},
year = {2017},
volume = {543},
number = {7647},
pages = {719--722},
month = mar
}

@article{Jones:1998hp,
author = {Jones, Donald R and Schonlau, Matthias and Welch, William J},
title = {{Efficient Global Optimization of Expensive Black-Box Functions}},
journal = {Journal of Global optimization},
year = {1998},
volume = {13},
number = {4},
pages = {455--492}
}

@article{Flusberg:2005tq,
author = {Flusberg, Benjamin A and Jung, Juergen C and Cocker, Eric D and Anderson, Erik P and Schnitzer, Mark J},
title = {{In vivo brain imaging using a portable 3.9 gram two-photon fluorescence microendoscope.}},
journal = {Optics letters},
year = {2005},
volume = {30},
number = {17},
pages = {2272--2274},
month = sep
}

@article{Plumbley:2003dw,
author = {Plumbley, Mark D},
title = {{Algorithms for nonnegative independent component analysis}},
journal = {IEEE Transactions on Neural Networks},
year = {2003},
volume = {14},
number = {3},
pages = {534--543},
month = may
}

@article{Zhang:2016cb,
author = {Zhang, Anqi and Lieber, Charles M},
title = {{Nano-Bioelectronics}},
journal = {Chemical Reviews},
year = {2016},
volume = {116},
number = {1},
pages = {215--257},
month = jan
}

@article{Dimidschstein:2016kq,
author = {Dimidschstein, Jordane and Chen, Qian and Tremblay, Robin and Rogers, Stephanie L and Saldi, Giuseppe-Antonio and Guo, Lihua and Xu, Qing and Liu, Runpeng and Lu, Congyi and Chu, Jianhua and Avery, Michael C and Rashid, Mohammad S and Baek, Myungin and Jacob, Amanda L and Smith, Gordon B and Wilson, Daniel E and Kosche, Georg and Kruglikov, Illya and Rusielewicz, Tomasz and Kotak, Vibhakar C and Mowery, Todd M and Anderson, Stewart A and Callaway, Edward M and Dasen, Jeremy S and Fitzpatrick, David and Fossati, Valentina and Long, Michael A and Noggle, Scott and Reynolds, John H and Sanes, Dan H and Rudy, Bernardo and Feng, Guoping and Fishell, Gord},
title = {{A viral strategy for targeting and manipulating interneurons across vertebrate species}},
journal = {Nature Neuroscience},
year = {2016},
pages = {1--10},
month = oct
}

@article{Canales:2015ij,
author = {Canales, Andres and Jia, Xiaoting and Froriep, Ulrich P and Koppes, Ryan A and Tringides, Christina M and Selvidge, Jennifer and Lu, Chi and Hou, Chong and Wei, Lei and Fink, Yoel and Anikeeva, Polina},
title = {{Multifunctional fibers for simultaneous optical, electrical and chemical interrogation of neural circuits in vivo}},
journal = {Nature Biotechnology},
year = {2015},
volume = {33},
number = {3},
pages = {1--10},
month = jan
}

@article{DandAInstrumentCompanytextLindaWorltonlayout:2008vo,
author = {{D{\&}A Instrument Company (text), Linda Worlton (layout)}},
title = {{Light Absorption and Scattering in Water Samples Application Note}},
year = {2008},
pages = {1--6},
month = apr
}

@article{Srivastava:2015gh,
author = {Srivastava, K H and Elemans, C P H and Sober, S J},
title = {{Multifunctional and Context-Dependent Control of Vocal Acoustics by Individual Muscles}},
journal = {Journal of Neuroscience},
year = {2015},
volume = {35},
number = {42},
pages = {14183--14194},
month = oct
}

@article{Oja:2004hs,
author = {Oja, Erkki and Plumbley, Mark D},
title = {{Blind separation of positive sources by globally convergent gradient search.}},
journal = {Neural computation},
year = {2004},
volume = {16},
number = {9},
pages = {1811--1825},
month = sep
}

@inproceedings{Suarez:2015tu,
author = {Su{\'a}rez, Javier I and Sengupta, Parijat and Mun, Jonathan Guo-Han and Rhodes, Justin and Boppart, Stephen A},
title = {{Spatially controlled light stimulation and recording via imaging fiber bundles}},
booktitle = {Society for Neuroscience },
year = {2015},
pages = {1--2},
month = oct
}

@article{Amador:2013ej,
author = {Amador, Ana and Perl, Yonatan Sanz and Mindlin, Gabriel B and Margoliash, Daniel},
title = {{Elemental gesture dynamics are encoded by song premotor cortical neurons}},
year = {2013},
volume = {495},
number = {7439},
pages = {59--64},
month = feb
}

@article{Hamel:2015hy,
author = {Hamel, Elizabeth J O and Grewe, Benjamin F and Parker, Jones G and Schnitzer, Mark J},
title = {{Cellular Level Brain Imaging in Behaving Mammals: An Engineering Approach}},
journal = {Neuron},
year = {2015},
volume = {86},
number = {1},
pages = {140--159},
month = apr
}

@article{Brunton:2016ds,
author = {Brunton, Steven L and Proctor, Joshua L and Kutz, J Nathan},
title = {{Discovering governing equations from data by sparse identification of nonlinear dynamical systems}},
journal = {Proceedings of the National Academy of Sciences},
year = {2016},
volume = {113},
number = {15},
pages = {3932--3937},
month = apr
}

@article{Savall:2015ds,
author = {Savall, Joan and Ho, Eric Tatt Wei and Huang, Cheng and Maxey, Jessica R and Schnitzer, Mark J},
title = {{Dexterous robotic manipulation of alert adult Drosophila for high-content experimentation}},
journal = {Nature Methods},
year = {2015},
volume = {12},
number = {7},
pages = {657--660},
month = may
}

@article{Landsiedel:2011fa,
author = {Landsiedel, C and Edlund, J and Eyben, F},
title = {{Syllabification of conversational speech using bidirectional long-short-term memory neural networks}},
journal = {The Annals of Statistics},
year = {2011},
pages = {5256--5259}
}

@article{Katlowitz:2018hj,
author = {Katlowitz, Kalman A and Picardo, Michel A and Long, Michael A},
title = {{Stable Sequential Activity Underlying the Maintenance of a Precisely Executed Skilled Behavior}},
journal = {Neuron},
year = {2018},
pages = {1--12},
month = may
}

@article{MandelblatCerf:2014eu,
author = {Mandelblat-Cerf, Y and Las, Liora and Denissenko, N and Fee, Michale S},
title = {{A role for descending auditory cortical projections in songbird vocal learning}},
journal = {Elife},
year = {2014},
volume = {3},
number = {0},
pages = {e02152--e02152},
month = jan
}

@article{Anonymous:Qh4Q8XEu,
title = {{Mu ̈ller cells are living optical fibers in the vertebrate retina}},
year = {2007},
pages = {1--6},
month = may
}

@article{Hillman:2004wc,
author = {Hillman, Elizabeth M C and Boas, David A and Dale, Anders M and Dunn, Andrew K},
title = {{Laminar optical tomography: demonstration of millimeter-scale depth-resolved imaging in turbid media.}},
journal = {Optics letters},
year = {2004},
volume = {29},
number = {14},
pages = {1650--1652},
month = jul
}

@article{Kozhevnikov:2007eu,
author = {Kozhevnikov, A A and Fee, Michale S},
title = {{Singing-Related Activity of Identified HVC Neurons in the Zebra Finch}},
journal = {Journal of Neurophysiology},
year = {2007},
volume = {97},
number = {6},
pages = {4271--4283},
month = apr
}

@article{Huntington:2007vc,
author = {Huntington, S T and Gibson, B C and Canning, J and Digweed-Lyytik{\"a}inen, K and Love, J D and Steblina, V},
title = {{A fractal-based fibre for ultra-high throughput optical probes.}},
journal = {Optics express},
year = {2007},
volume = {15},
number = {5},
pages = {2468--2475},
month = mar
}

@inproceedings{Luo:2015vw,
author = {Luo, Zhiming and Jodoin, Pierre-Marc and Li, Shao-Zi and Su, Song-Zhi},
title = {{Traffic analysis without motion features}},
booktitle = {IEEE International Conference on Image Processing},
year = {2015},
pages = {1--5},
address = {Qu{\'e}bec City},
month = jan
}

@article{Cannon:2015jq,
author = {Cannon, Jonathan and Kopell, Nancy and Gardner, Timothy J and Markowitz, Jeffrey E},
title = {{Neural Sequence Generation Using Spatiotemporal Patterns of Inhibition}},
journal = {PLOS Computational Biology},
year = {2015},
volume = {11},
number = {11},
pages = {e1004581--22},
month = nov
}

@article{Gadagkar:2016by,
author = {Gadagkar, Vikram and Puzerey, Pavel A and Chen, Ruidong and Baird-Daniel, Eliza and Farhang, Alexander R and Goldberg, Jesse H},
title = {{Dopamine neurons encode performance error in singing birds.}},
journal = {Science (New York, N.Y.)},
year = {2016},
volume = {354},
number = {6317},
pages = {1278--1282},
month = dec
}

@article{UnalCevik:2004cp,
author = {{\"U}nal-{\c C}evik, Is{\i}n and K{\i}l{\i}n{\c c}, M{\"u}nire and Gursoy-Ozdemir, Yasemin and Gurer, Gunfer and Dalkara, Turgay},
title = {{Loss of NeuN immunoreactivity after cerebral ischemia does not indicate neuronal cell loss: a cautionary note}},
journal = {Brain Research},
year = {2004},
volume = {1015},
number = {1-2},
pages = {169--174},
month = jul
}

@article{Naughton:2016dx,
author = {Naughton, Jeffrey R and Connolly, Timothy and Varela, Juan A and Lundberg, Jaclyn and Burns, Michael J and Chiles, Thomas C and Christianson, John P and Naughton, Michael J},
title = {{Shielded Coaxial Optrode Arrays for Neurophysiology}},
journal = {Frontiers in Neuroscience},
year = {2016},
volume = {10},
number = {423},
pages = {163--24},
month = jun
}

@article{Vates:1996dm,
author = {Vates, G E and Broome, B M and Mello, C V and Nottebohm, F},
title = {{Auditory pathways of caudal telencephalon and their relation to the song system of adult male zebra finches.}},
journal = {Journal of Comparative Neurology},
year = {1996},
volume = {366},
number = {4},
pages = {613--642},
month = mar
}

@article{Keogh:2004ev,
author = {Keogh, Eamonn and Ratanamahatana, Chotirat Ann},
title = {{Exact indexing of dynamic time warping}},
year = {2004},
volume = {7},
number = {3},
pages = {358--386},
month = may
}

@article{StPierre:2014db,
author = {St-Pierre, Fran{\c c}ois and Marshall, Jesse D and Yang, Ying and Gong, Yiyang and Schnitzer, Mark J and Lin, Michael Z},
title = {{High-fidelity optical reporting of neuronal electrical activity with an ultrafast fluorescent voltage sensor}},
journal = {Nature Publishing Group},
year = {2014},
volume = {17},
number = {6},
pages = {884--889},
month = apr
}

@article{Lim:2016hf,
author = {Lim, Y and Lagoy, R and Shinn-Cunningham, B G and Gardner, Timothy J},
title = {{Transformation of temporal sequences in the zebra finch auditory system}},
journal = {Elife},
year = {2016}
}

@article{Segev:2017en,
author = {Segev, Eran and Reimer, Jacob and Moreaux, Laurent C and Fowler, Trevor M and Chi, Derrick and Sacher, Wesley D and Lo, Maisie and Deisseroth, Karl and Tolias, Andreas S and Faraon, Andrei and Roukes, Michael L},
title = {{Patterned photostimulation via visible-wavelength photonic probes for deep brain optogenetics}},
journal = {Neurophotonics},
year = {2017},
volume = {4},
number = {1},
pages = {011002--16},
month = jan
}

@article{ICA:vb,
author = {Lambert, Russell H},
title = {{Difficulty measures and figures of merit for source separation}},
journal = {researchgate.net
}
}

@article{AlJuboori:2013cj,
author = {Al-Juboori, Saif I and Dondzillo, Anna and Stubblefield, Elizabeth A and Felsen, Gidon and Lei, Tim C and Klug, Achim},
title = {{Light Scattering Properties Vary across Different Regions of the Adult Mouse Brain}},
journal = {PloS one},
year = {2013},
volume = {8},
number = {7},
pages = {e67626--9},
month = jul
}

@article{Anonymous:nWAo9rzS,
author = {Cheong, W F and Prahl, S A and Welch, A J},
title = {{A review of the optical properties of biological tissues}},
journal = {IEEE journal of quantum {\ldots}},
year = {1990},
volume = {26},
number = {12},
pages = {2166--2185}
}

@article{Anonymous:3H9B3-SP,
author = {Krizhevsky, Alex and Sutskever, Ilya and Hinton, Geoffrey E},
title = {{ImageNet Classification with Deep Convolutional Neural Networks}},
year = {2012},
pages = {1097--1105}
}

@article{Goto:2015ge,
author = {Goto, Akihiro and Nakahara, Ichiro and Yamaguchi, Takashi and Kamioka, Yuji and Sumiyama, Kenta and Matsuda, Michiyuki and Nakanishi, Shigetada and Funabiki, Kazuo},
title = {{Circuit-dependent striatal PKA and ERK signaling underlies rapid behavioral shift in mating reaction of male mice}},
journal = {Proceedings of the National Academy of Sciences},
year = {2015},
volume = {112},
number = {21},
pages = {6718--6723},
month = may
}

@article{Billinton:2001kf,
author = {Billinton, Nicholas and Knight, Andrew W},
title = {{Seeing the Wood through the Trees: A Review of Techniques for Distinguishing Green Fluorescent Protein from Endogenous Autofluorescence}},
journal = {Analytical Biochemistry},
year = {2001},
volume = {291},
number = {2},
pages = {175--197},
month = apr
}

@article{Cannon:2009ia,
author = {Cannon, Jason R and Greenamyre, J Timothy},
title = {{NeuN is not a reliable marker of dopamine neurons in rat substantia nigra}},
journal = {Neuroscience Letters},
year = {2009},
volume = {464},
number = {1},
pages = {14--17},
month = oct
}

@article{Addison:2010uc,
author = {Addison, W D},
title = {{Blind source separation using spatial and temporal priors}},
year = {2010}
}

@article{Anonymous:X8gXwxel,
author = {Venugopalan, S and Xu, H and Donahue, J and Rohrbach, M},
title = {{Translating videos to natural language using deep recurrent neural networks}},
journal = {arXiv.org},
year = {2014},
eprint = {2018325242950133936related:sCg_ax2IAhwJ},
eprinttype = {scholar}
}

@article{Ziv:2013fd,
author = {Ziv, Yaniv and Burns, Laurie D and Cocker, Eric D and Hamel, Elizabeth J O and Ghosh, Kunal K and Kitch, Lacey J and El Gamal, Abbas and Schnitzer, Mark J},
title = {{Long-term dynamics of CA1 hippocampal place codes}},
journal = {Nature Neuroscience},
year = {2013},
volume = {16},
number = {3},
pages = {264--266},
month = feb
}

@article{Goldberg:2010bx,
author = {Goldberg, Jesse H and Fee, Michale S},
title = {{Singing-related neural activity distinguishes four classes of putative striatal neurons in the songbird basal ganglia.}},
journal = {Journal of Neurophysiology},
year = {2010},
volume = {103},
number = {4},
pages = {2002--2014},
month = apr
}

@book{Jobbagy:2012fg,
editor = {Jobb{\'a}gy, {\'A}kos},
title = {{5th European Conference of the International Federation for Medical and Biological Engineering}},
publisher = {Springer Berlin Heidelberg},
year = {2012},
volume = {37},
series = {IFMBE Proceedings},
address = {Berlin, Heidelberg}
}

@article{Wang:2001ud,
author = {Wang, Jian and Sokabe, Masahiro and Sakaguchi, Hironobu},
title = {{Functional connections between the HVC and the shelf of the zebra finch revealed by real-time optical imaging technique}},
journal = {Neuroreport},
year = {2001},
volume = {12},
number = {2},
pages = {215},
month = feb
}

@article{Fee:2001wh,
author = {Fee, Michale S and Leonardo, A},
title = {{Miniature motorized microdrive and commutator system for chronic neural recording in small animals.}},
journal = {Journal of neuroscience methods},
year = {2001},
volume = {112},
number = {2},
pages = {83--94},
month = dec
}

@article{Polikov:2005cq,
author = {Polikov, Vadim S and Tresco, Patrick A and Reichert, William M},
title = {{Response of brain tissue to chronically implanted neural electrodes}},
journal = {Journal of neuroscience methods},
year = {2005},
volume = {148},
number = {1},
pages = {1--18},
month = oct
}

@article{Murray:2012in,
author = {Murray, Teresa A and Levene, Michael J},
title = {{Singlet gradient index lens for deep in vivo multiphoton microscopy}},
journal = {Journal of Biomedical Optics},
year = {2012},
volume = {17},
number = {2},
pages = {021106--5}
}

@inproceedings{Chum:2008jo,
author = {Chum, O and Philbin, J and Zisserman, A},
title = {{Near Duplicate Image Detection: min-Hash and tf-idf Weighting}},
booktitle = {British Machine Vision Conference 2008},
year = {2008},
pages = {50.1--50.10},
publisher = {British Machine Vision Association},
month = jul
}

@article{Gniel:2010jn,
author = {Gniel, Helen M and Martin, Rosemary L},
title = {{Changes in membrane potential and the intracellular calcium concentration during CSD and OGD in layer V and layer II/III mouse cortical neurons.}},
journal = {Journal of Neurophysiology},
year = {2010},
volume = {104},
number = {6},
pages = {3203--3212},
month = dec
}

@article{Matin:1970tz,
author = {Matin, Leonard and Matin, Ethel and Pearce, D G},
title = {{Eye movements in the dark during the attempt to maintain a prior fixation position.}},
journal = {Vision research},
year = {1970},
volume = {10},
number = {9},
pages = {837--857},
month = sep
}

@article{Gardner:2005gf,
author = {Gardner, Timothy J and Naef, Felix and Nottebohm, Fernando},
title = {{Freedom and Rules: The Acquisition and Reprogramming of a Bird's Learned Song}},
journal = {Science (New York, N.Y.)},
year = {2005},
volume = {308},
number = {5724},
pages = {1046--1049},
month = may
}

@article{Jin:2012fh,
author = {Jin, Lei and Han, Zhou and Platisa, Jelena and Wooltorton, Julian R A and Cohen, Lawrence B and Pieribone, Vincent A},
title = {{Single Action Potentials and Subthreshold Electrical Events Imaged in Neurons with a Fluorescent Protein Voltage Probe}},
journal = {Neuron},
year = {2012},
volume = {75},
number = {5},
pages = {779--785},
month = sep
}

@article{Westheimer:1977wo,
author = {Westheimer, G and McKee, S P},
title = {{Spatial configurations for visual hyperacuity.}},
journal = {Vision research},
year = {1977},
volume = {17},
number = {8},
pages = {941--947}
}

@article{Helmchen:2001tw,
author = {Helmchen, Fritjof and Fee, Michale S and Tank, David W and Denk, Winfried},
title = {{A Miniature Head-Mounted Two-Photon Microscope}},
journal = {Neuron},
year = {2001},
volume = {31},
number = {6},
pages = {903--912}
}

@article{Graves:2016br,
author = {Graves, Alex and Wayne, Greg and Reynolds, Malcolm and Harley, Tim and Danihelka, Ivo and Grabska-Barwi{\'{n}}ska, Agnieszka and Colmenarejo, Sergio G{\'o}mez and Grefenstette, Edward and Ramalho, Tiago and Agapiou, John and Badia, Adri{\`a} Puigdom{\`e}nech and Hermann, Karl Moritz and Zwols, Yori and Ostrovski, Georg and Cain, Adam and King, Helen and Summerfield, Christopher and Blunsom, Phil and Kavukcuoglu, Koray and Hassabis, Demis},
title = {{Hybrid computing using a neural network with dynamic external memory}},
journal = {Nature Publishing Group},
year = {2016},
volume = {538},
number = {7626},
pages = {471--476},
month = oct
}

@article{Goldberg:2011hx,
author = {Goldberg, Jesse H and Fee, Michale S},
title = {{Vocal babbling in songbirds requires the basal ganglia-recipient motor thalamus but not the basal ganglia}},
journal = {Journal of Neurophysiology},
year = {2011},
volume = {105},
number = {6},
pages = {2729--2739},
month = jun
}

@article{Horton:2013gxa,
author = {Horton, Nicholas G and Wang, Ke and Kobat, Demirhan and Clark, Catharine G and Wise, Frank W and Schaffer, Chris B and Xu, Chris},
title = {{In vivo three-photon microscopy of subcortical structures within an intact mouse brain.}},
journal = {Nature Photonics},
year = {2013},
volume = {7},
number = {3},
pages = {205--209},
month = mar
}

@article{MartinezConde:2004bz,
author = {Martinez-Conde, Susana and Macknik, Stephen L and Hubel, David H},
title = {{The role of fixational eye movements in visual perception}},
journal = {Nature Reviews Neuroscience},
year = {2004},
volume = {5},
number = {3},
pages = {229--240},
month = mar
}

@article{Jacques:2013ja,
author = {Jacques, Steven L},
title = {{Optical properties of biological tissues: a review}},
journal = {Physics in Medicine and Biology},
year = {2013},
volume = {58},
number = {11},
pages = {R37--R61},
month = may
}

@article{Dunn:2000vh,
author = {Dunn, A and Boas, David A},
title = {{Transport-based image reconstruction in turbid media with small source-detector separations.}},
journal = {Optics letters},
year = {2000},
volume = {25},
number = {24},
pages = {1777--1779},
month = dec
}

@article{Chen:2013fc,
author = {Chen, Tsai-Wen and Wardill, Trevor J and Sun, Yi and Pulver, Stefan R and Renninger, Sabine L and Baohan, Amy and Schreiter, Eric R and Kerr, Rex A and Orger, Michael B and Jayaraman, Vivek and Looger, Loren L and Svoboda, Karel and Kim, Douglas S},
title = {{Ultrasensitive fluorescent proteins for imaging neuronal activity}},
year = {2013},
volume = {499},
number = {7458},
pages = {295--300},
month = jul
}

@patent{Gerstner:2004to,
title = {{Leached fiber bundle and method}},
author = {Gerstner, K and Plichta, A and Schlatterbeck, D and Weisser, Michael and Brix, Peter and Sommer, Martin and Rubino Jr, Robert A and Bonja, Jeffrey A and Strack, Richard and Henze, Inka and Arsenault, Paul},
howpublished = {US Patent Office},
year = {2004}
}

@article{Markowitz:2015ko,
author = {Markowitz, Jeffrey E and Liberti III, William A and Guitchounts, Grigori and Velho, Tarciso and Lois, Carlos and Gardner, Timothy J},
title = {{Mesoscopic Patterns of Neural Activity Support Songbird Cortical Sequences}},
journal = {PLOS Biology},
year = {2015},
volume = {13},
number = {6},
pages = {e1002158--20},
month = jun
}

@article{Rahimi:2016bz,
author = {Rahimi, Rahim and Ochoa, Manuel and Ziaie, Babak},
title = {{Direct Laser Writing of Porous-Carbon/Silver Nanocomposite for Flexible Electronics}},
journal = {ACS Applied Materials {\&} Interfaces},
year = {2016},
volume = {8},
number = {26},
pages = {16907--16913},
month = jul
}

@article{Deku:2017el,
author = {Deku, Felix and Cohen, Yarden and Joshi-Imre, Alexandra and Kanneganti, Aswini and Gardner, Timothy J and Cogan, Stuart},
title = {{Amorphous silicon carbide ultramicroelectrode arrays for neural stimulation and recording}},
journal = {Journal of Neural Engineering},
year = {2017},
pages = {1--21},
month = sep
}

@article{Solovey:2015bx,
author = {Solovey, G and Alonso, L M and Yanagawa, T and Fujii, N and Magnasco, M O and Cecchi, G A and Proekt, A},
title = {{Loss of Consciousness Is Associated with Stabilization of Cortical Activity}},
journal = {Journal of Neuroscience},
year = {2015},
volume = {35},
number = {30},
pages = {10866--10877},
month = jul
}

@article{Pnevmatikakis:2013ft,
author = {Pnevmatikakis, Eftychios A and Merel, Josh and Pakman, A},
title = {{Bayesian spike inference from calcium imaging data}},
journal = {{\ldots} on Signals},
year = {2013}
}

@article{GarciaCalero:2012jh,
author = {Garcia-Calero, Elena and Scharff, Constance},
title = {{Calbindin expression in developing striatum of zebra finches and its relation to the formation of area X}},
journal = {Journal of Comparative Neurology},
year = {2012},
volume = {521},
number = {2},
pages = {326--341},
month = dec
}

@article{Patel:2018cr,
author = {Patel, Paras R and Na, Kyounghwan and Zhang, Huanan and Kozai, Takashi D Y and Kotov, Nicholas A and Yoon, Euisik and Chestek, Cynthia A},
title = {{Insertion of linear 8.4 $\mu$m diameter 16 channel carbon fiber electrode arrays for single unit recordings}},
journal = {Journal of Neural Engineering},
year = {2015},
volume = {12},
number = {4},
pages = {046009},
month = jun
}

@article{Boas:2002ue,
author = {Boas, David A and Culver, J and Stott, J and Dunn, A},
title = {{Three dimensional Monte Carlo code for photon migration through complex heterogeneous media including the adult human head.}},
journal = {Optics express},
year = {2002},
volume = {10},
number = {3},
pages = {159--170},
month = feb
}

@article{Grob:2016cl,
author = {Grob, Sven and Tass, Peter A and Hauptmann, Christian},
title = {{Capacitive Feedthroughs for Medical Implants}},
journal = {Frontiers in Neuroscience},
year = {2016},
volume = {10},
number = {15},
pages = {1679--9},
month = sep
}

@article{Perkins:2018ae,
author = {Perkins, L Nathan and Semu, Dawit and Shen, Jun and Boas, David A and Gardner, Timothy J},
title = {{High-density, minimally invasive optical microfiber interface}},
journal = {Journal of Neural Engineering}
}

@article{HayashiTakagi:2015gu,
author = {Hayashi-Takagi, Akiko and Yagishita, Sho and Nakamura, Mayumi and Shirai, Fukutoshi and Wu, Yi I and Loshbaugh, Amanda L and Kuhlman, Brian and Hahn, Klaus M and Kasai, Haruo},
title = {{Labelling and optical erasure of synaptic memory traces in the motor cortex}},
year = {2015},
volume = {525},
number = {7569},
pages = {333--338},
month = sep
}

@article{Maruyama:2011uv,
author = {Maruyama, Y and Charbon, E},
title = {{A time-gated 128x128 CMOS SPAD array for on-chip fluorescence detection}},
journal = {Proc Intl Image Sensor Workshop ( {\ldots}},
year = {2011}
}

@article{Silver:2016hl,
author = {Silver, David and Huang, Aja and Maddison, Chris J and Guez, Arthur and Sifre, Laurent and van den Driessche, George and Schrittwieser, Julian and Antonoglou, Ioannis and Panneershelvam, Veda and Lanctot, Marc and Dieleman, Sander and Grewe, Dominik and Nham, John and Kalchbrenner, Nal and Sutskever, Ilya and Lillicrap, Timothy and Leach, Madeleine and Kavukcuoglu, Koray and Graepel, Thore and Hassabis, Demis},
title = {{Mastering the game of Go with deep neural networks and tree search}},
year = {2016},
volume = {529},
number = {7585},
pages = {484--489},
month = jan
}

@article{WanLeiZhao:2008jh,
author = {Wan-Lei Zhao and Chong-Wah Ngo},
title = {{Scale-Rotation Invariant Pattern Entropy for Keypoint-Based Near-Duplicate Detection}},
journal = {IEEE Transactions on Image Processing},
year = {2008},
volume = {18},
number = {2},
pages = {412--423},
month = dec
}

@article{Boari:2015ed,
author = {Boari, Santiago and Sanz Perl, Yonatan and Amador, Ana and Margoliash, Daniel and Mindlin, Gabriel B},
title = {{Automatic reconstruction of physiological gestures used in a model of birdsong production}},
journal = {Journal of Neurophysiology},
year = {2015},
pages = {jn.00385.2015--46},
month = sep
}

@article{Vyssotski:2016kl,
author = {Vyssotski, Alexei L and Stepien, Anna E and Keller, Georg B and Hahnloser, Richard H R},
title = {{A Neural Code That Is Isometric to Vocal Output and Correlates with Its Sensory Consequences}},
journal = {PLOS Biology},
year = {2016},
volume = {14},
number = {10},
pages = {e2000317--21},
month = oct
}

@phdthesis{oro52681,
author = {Wray, William},
title = {{Scalable Bundle Design for Massively Parallel Neuronal Recordings \emph{In Vivo}}},
year = {2017},
month = dec
}

@article{Kingma:2013tz,
author = {Kingma, Diederik P and Welling, Max},
title = {{Auto-Encoding Variational Bayes}},
year = {2013},
eprint = {1312.6114},
eprinttype = {arxiv},
month = dec
}

@article{Barnett:2017kn,
author = {Barnett, Lauren M and Hughes, Thomas E and Drobizhev, Mikhail},
title = {{Deciphering the molecular mechanism responsible for GCaMP6m's Ca2+-dependent change in fluorescence}},
journal = {PloS one},
year = {2017},
volume = {12},
number = {2},
pages = {e0170934--24},
month = feb
}

@article{Silver:2017bo,
author = {Silver, David and Schrittwieser, Julian and Simonyan, Karen and Antonoglou, Ioannis and Huang, Aja and Guez, Arthur and Hubert, Thomas and Baker, Lucas and Lai, Matthew and Bolton, Adrian and Chen, Yutian and Lillicrap, Timothy and Hui, Fan and Sifre, Laurent and van den Driessche, George and Graepel, Thore and Hassabis, Demis},
title = {{Mastering the game of Go without human knowledge}},
journal = {Nature Publishing Group},
year = {2017},
volume = {550},
number = {7676},
pages = {354--359},
month = oct
}

@article{Anonymous:DKXUU4jK,
title = {{Macaque Ganglion Cell Responses to Stimuli That Elicit Hyperacuity in Man: Detection of Small Displacements}},
year = {2003},
pages = {1--9},
month = sep
}

@article{Karmarkar:2007cl,
author = {Karmarkar, Uma R and Buonomano, Dean V},
title = {{Timing in the Absence of Clocks: Encoding Time in Neural Network States}},
journal = {Neuron},
year = {2007},
volume = {53},
number = {3},
pages = {427--438},
month = feb
}

@article{Anonymous:t9dL8VXU,
title = {{MinimumPredictionResidualPrinciple Applied to SpeechRecognition}},
year = {2002},
pages = {1--6},
month = jan
}

@article{Stosiek:2003jw,
author = {Stosiek, Christoph and Garaschuk, Olga and Holthoff, Knut and Konnerth, Arthur},
title = {{In vivo two-photon calcium imaging of neuronal networks.}},
journal = {Proceedings of the National Academy of Sciences},
year = {2003},
volume = {100},
number = {12},
pages = {7319--7324},
month = jun
}

@article{Richards:2013fe,
author = {Richards, Kay L and Kurniawan, Nyoman D and Yang, Zhengyi and Kim, Tae Hwan and Keller, Marianne D and Low, Jun and Ullmann, Jeremy F P and Cole, Stacey and Foong, Samuel and Galloway, Graham J and Reid, Christopher A and Paxinos, George and Reutens, David C and Petrou, Steven},
title = {{Hippocampal volume and cell density changes in a mouse model of human genetic epilepsy.}},
journal = {Neurology},
year = {2013},
volume = {80},
number = {13},
pages = {1240--1246},
month = mar
}

@incollection{Yuan:2004cq,
author = {Yuan, Zhijian and Oja, Erkki},
title = {{A FastICA Algorithm for Non-negative Independent Component Analysis}},
booktitle = {Independent Component Analysis and Blind Signal Separation},
year = {2004},
pages = {1--8},
publisher = {Springer, Berlin, Heidelberg},
address = {Berlin, Heidelberg},
month = sep
}

@article{Tkacik:2014ey,
author = {Tka{\v c}ik, Ga{\v s}per and Marre, Olivier and Amodei, Dario and Schneidman, Elad and Bialek, William and Berry, Michael J},
title = {{Searching for Collective Behavior in a Large Network of Sensory Neurons}},
journal = {PLOS Computational Biology},
year = {2014},
volume = {10},
number = {1},
pages = {e1003408--23},
month = jan
}

@article{Vallentin:2015hf,
author = {Vallentin, Daniela and Long, Michael A},
title = {{Motor origin of precise synaptic inputs onto forebrain neurons driving a skilled behavior.}},
journal = {The Journal of neuroscience : the official journal of the Society for Neuroscience},
year = {2015},
volume = {35},
number = {1},
pages = {299--307},
month = jan
}

@article{Tom:2008hm,
author = {Tom, W J and Ponticorvo, A and Dunn, A K},
title = {{Efficient Processing of Laser Speckle Contrast Images}},
journal = {IEEE Transactions on Medical Imaging},
year = {2008},
volume = {27},
number = {12},
pages = {1728--1738},
month = nov
}

@article{Betley:2015cn,
author = {Betley, J Nicholas and Xu, Shengjin and Cao, Zhen Fang Huang and Gong, Rong and Magnus, Christopher J and Yu, Yang and Sternson, Scott M},
title = {{Neurons for hunger and thirst transmit a negative-valence teaching signal}},
year = {2015},
volume = {521},
number = {7551},
pages = {180--185},
month = apr
}

@article{Hahnloser:2002hj,
author = {Hahnloser, Richard H R and Kozhevnikov, Alexay A and Fee, Michale S},
title = {{An ultra-sparse code underlies the generation of neural sequences in a songbird.}},
year = {2002},
volume = {419},
number = {6902},
pages = {65--70},
month = sep
}

@article{Poirier:2011et,
author = {Poirier, Colline and Boumans, Tiny and Vellema, Michiel and De Groof, Geert and Charlier, Thierry D and Verhoye, Marleen and Van der Linden, Annemie and Balthazart, Jacques},
title = {{Own Song Selectivity in the Songbird Auditory Pathway: Suppression by Norepinephrine}},
journal = {PloS one},
year = {2011},
volume = {6},
number = {5},
pages = {e20131--6},
month = may
}

@article{Jung:2003gy,
author = {Jung, Juergen C and Schnitzer, Mark J},
title = {{Multiphoton endoscopy}},
journal = {Optics letters},
year = {2003},
volume = {28},
number = {11},
pages = {902--904},
month = jun
}

@article{Papagiakoumou:2010bm,
author = {Papagiakoumou, Eirini and Anselmi, Francesca and B{\`e}gue, Aur{\'e}lien and De Sars, Vincent and Gl{\"u}ckstad, Jesper and Isacoff, Ehud Y and Emiliani, Valentina},
title = {{Scanless two-photon excitation of channelrhodopsin-2}},
journal = {Nature Methods},
year = {2010},
volume = {7},
number = {10},
pages = {848--854},
month = sep
}

@article{Dubbs:2016fn,
author = {Dubbs, Alexander and Guevara, James and Yuste, Rafael},
title = {{moco: Fast Motion Correction for Calcium Imaging}},
journal = {Frontiers in Neuroinformatics},
year = {2016},
volume = {10},
number = {80},
pages = {1--4},
month = feb
}

@article{Ji:2016cn,
author = {Ji, Na and Freeman, Jeremy and Smith, Spencer L},
title = {{Technologies for imaging neural activity in large volumes}},
journal = {Nature Neuroscience},
year = {2016},
volume = {19},
number = {9},
pages = {1154--1164},
month = aug
}

@article{Salthouse:1980wh,
author = {Salthouse, T A and Ellis, C L},
title = {{Determinants of eye-fixation duration.}},
journal = {The American journal of psychology},
year = {1980},
volume = {93},
number = {2},
pages = {207--234},
month = jun
}

@inproceedings{Melloni:2015ux,
author = {Melloni, A and Lameri, S and Bestagini, P and Tagliasacchi, M and Tubaro, S},
title = {{Near-duplicate detection and alignment for multi-view videos}},
booktitle = {IEEE International Conference on Image Processing},
year = {2015},
address = {Qu{\'e}bec City}
}

@article{Nemenman:2004gt,
author = {Nemenman, Ilya and Bialek, William and de Ruyter van Steveninck, Rob},
title = {{Entropy and information in neural spike trains: progress on the sampling problem.}},
journal = {Physical Review E},
year = {2004},
volume = {69},
number = {5 Pt 2},
pages = {056111},
month = may
}

@article{Deisseroth:2006dd,
author = {Deisseroth, Karl and Feng, Guoping and Majewska, Ania K and Miesenb{\"o}ck, Gero and Ting, Alice and Schnitzer, Mark J},
title = {{Next-generation optical technologies for illuminating genetically targeted brain circuits.}},
journal = {The Journal of neuroscience : the official journal of the Society for Neuroscience},
year = {2006},
volume = {26},
number = {41},
pages = {10380--10386},
month = oct
}

@article{XiangminZhou:2009kk,
author = {Xiangmin Zhou and Xiaofang Zhou and Lei Chen and Bouguettaya, A and Nong Xiao and Taylor, J A},
title = {{An Efficient Near-Duplicate Video Shot Detection Method Using Shot-Based Interest Points}},
journal = {IEEE Transactions on Multimedia},
year = {2009},
volume = {11},
number = {5},
pages = {879--891},
month = jul
}

@article{Yizhar:2011jv,
author = {Yizhar, Ofer and Fenno, Lief E and Davidson, Thomas J and Mogri, Murtaza and Deisseroth, Karl},
title = {{Optogenetics in Neural Systems}},
journal = {Neuron},
year = {2011},
volume = {71},
number = {1},
pages = {9--34},
month = jul
}

@article{Sakoe:1978ta,
author = {Sakoe, Hiroaki and Chiba, Seibi},
title = {{Dynamic programming algorithm optimization for spoken word recognition}},
journal = {IEEE Transactions on Acoustics, Speech, and Signal Processing},
year = {1978},
volume = {26},
number = {1},
pages = {43--49}
}

@inproceedings{Zhu:2008di,
author = {Zhu, Jianke and Hoi, Steven C H and Lyu, Michael R and Yan, Shuicheng},
title = {{Near-duplicate keyframe retrieval by nonrigid image matching}},
booktitle = {Proceeding of the 16th ACM international conference},
year = {2008},
pages = {41--50},
publisher = {ACM},
address = {New York, New York, USA},
month = oct
}

@article{Hinckley:2015by,
author = {Hinckley, Christopher A and Alaynick, William A and Gallarda, Benjamin W and Hayashi, Marito and Hilde, Kathryn L and Driscoll, Shawn P and Dekker, Joseph D and Tucker, Haley O and Sharpee, Tatyana O and Pfaff, Samuel L},
title = {{Spinal Locomotor Circuits Develop Using Hierarchical Rules Based on Motorneuron Position and Identity}},
journal = {Neuron},
year = {2015},
volume = {87},
number = {5},
pages = {1008--1021},
month = sep
}

@article{Gong:2015is,
author = {Gong, Yiyang and Huang, Cheng and Li, Jin Zhong and Grewe, Benjamin F and Zhang, Yanping and Eismann, Stephan and Schnitzer, Mark J},
title = {{High-speed recording of neural spikes in awake mice and flies with a fluorescent voltage sensor.}},
journal = {Science (New York, N.Y.)},
year = {2015},
volume = {350},
number = {6266},
pages = {1361--1366},
month = nov
}

@article{Smith:1981he,
author = {Smith, Raymond C and Baker, Karen S},
title = {{Optical properties of the clearest natural water (200-800 nm)}},
journal = {Applied optics},
year = {1981},
volume = {20},
number = {2},
pages = {177--184},
month = jan
}

@article{Prentice:2016fz,
author = {Prentice, Jason S and Marre, Olivier and Ioffe, Mark L and Loback, Adrianna R and Tka{\v c}ik, Ga{\v s}per and Berry, Michael J},
title = {{Error-Robust Modes of the Retinal Population Code}},
journal = {PLOS Computational Biology},
year = {2016},
volume = {12},
number = {11},
pages = {e1005148--34},
month = nov
}

@article{Meignen:2015jm,
author = {Meignen, S and Gardner, Timothy J and Oberlin, T},
title = {{Time-frequency ridge analysis based on the reassignment vector}},
journal = {2015 23rd European Signal Processing Conference (EUSIPCO)},
year = {2015},
pages = {1486--1490}
}

@article{Benjamini:1995cd,
author = {Benjamini, Y and Hochberg, Y},
title = {{Controlling the false discovery rate: a practical and powerful approach to multiple testing}},
journal = {Journal of the Royal Statistical Society. Series B (Methodological)},
year = {1995},
volume = {57},
number = {1}
}

@article{Han:2011iq,
author = {Han, Ng Chee and Muniandy, Sithi V and Dayou, Jedol},
title = {{Acoustic classification of Australian anurans based on hybrid spectral-entropy approach}},
journal = {Applied Acoustics},
year = {2011},
volume = {72},
number = {9},
pages = {639--645},
month = sep
}

@book{Salvador:2004ba,
author = {Salvador, S and Chan, P},
title = {{FastDTW: Toward accurate dynamic time warping in linear time and space. 3rd Wkshp. on Mining Temporal and Sequential Data, ACM KDD'04}},
publisher = {Seattle},
year = {2004},
volume = {37},
series = {IFMBE Proceedings},
address = {Berlin, Heidelberg}
}

@article{Tsoi:2014dq,
author = {Tsoi, Shuk C and Aiya, Utsav V and Wasner, Kobi D and Phan, Mimi L and Pytte, Carolyn L and Vicario, David S},
title = {{Hemispheric Asymmetry in New Neurons in Adulthood Is Associated with Vocal Learning and Auditory Memory}},
journal = {PloS one},
year = {2014},
volume = {9},
number = {9},
pages = {e108929--11},
month = sep
}

@article{Kim:2013ft,
author = {Kim, Tae-il and McCall, Jordan G and Jung, Yei Hwan and Huang, Xian and Siuda, Edward R and Li, Yuhang and Song, Jizhou and Song, Young Min and Pao, Hsuan An and Kim, Rak-Hwan and Lu, Chaofeng and Lee, Sung Dan and Song, Il-Sun and Shin, Gunchul and Al-Hasani, Ream and Kim, Stanley and Tan, Meng Peun and Huang, Yonggang and Omenetto, Fiorenzo G and Rogers, John A and Bruchas, Michael R},
title = {{Injectable, cellular-scale optoelectronics with applications for wireless optogenetics.}},
journal = {Science (New York, N.Y.)},
year = {2013},
volume = {340},
number = {6129},
pages = {211--216},
month = apr
}

@book{Anonymous:Q0iwCe1g,
title = {{Independent Component Analysis and Blind Signal Separation}}
}

@book{AlNaymat:2009vm,
author = {Al-Naymat, Ghazi and Chawla, Sanjay and Taheri, Javid},
title = {{SparseDTW: A Novel Approach to Speed up Dynamic Time Warping}},
publisher = {Australian Computer Society, Inc.},
year = {2009},
month = dec
}

@article{Knuth:1998tb,
author = {Knuth, Kevin H},
title = {{Bayesian source separation and localization}},
journal = {SPIE'98 Proceedings},
year = {1998},
volume = {3459},
pages = {147--158},
month = jul
}

@article{Long:2010db,
author = {Long, Michael A and Jin, Dezhe Z and Fee, Michale S},
title = {{Support for a synaptic chain model of neuronal sequence generation}},
journal = {Nature Publishing Group},
year = {2010},
volume = {468},
number = {7322},
pages = {394--399},
month = nov
}

@article{Jung:2004kv,
author = {Jung, Juergen C and Mehta, Amit D and Aksay, Emre and Stepnoski, Raymond and Schnitzer, Mark J},
title = {{In vivo mammalian brain imaging using one- and two-photon fluorescence microendoscopy.}},
journal = {Journal of Neurophysiology},
year = {2004},
volume = {92},
number = {5},
pages = {3121--3133},
month = nov
}

@article{Keller:2008ba,
author = {Keller, Georg B and Hahnloser, Richard H R},
title = {{Neural processing of auditory feedback during vocal practice in a songbird}},
year = {2008},
volume = {457},
number = {7226},
pages = {187--191},
month = oct
}

@article{Li:2013co,
author = {Li, Y and Shi, X and Song, J and Lu, C and Kim, T i and McCall, Jordan G and Bruchas, M R and Rogers, J A and Huang, Y},
title = {{Thermal analysis of injectable, cellular-scale optoelectronics with pulsed power}},
journal = {Proceedings of the Royal Society A: Mathematical, Physical and Engineering Sciences},
year = {2013},
volume = {469},
number = {2156},
pages = {20130142--20130142},
month = may
}

@article{Anonymous:xO_7eObC,
author = {Derrington, A M and Lennie, P},
title = {{Spatial and temporal contrast sensitivities of neurones in lateral geniculate nucleus of macaque.}},
journal = {The Journal of physiology},
year = {1984},
volume = {357},
pages = {219--240},
month = dec
}

@article{Pavlov:2017dn,
author = {Pavlov, Valentin A and Tracey, Kevin J},
title = {{Neural regulation of immunity: molecular mechanisms and clinical translation}},
journal = {Nature Neuroscience},
year = {2017},
volume = {20},
number = {2},
pages = {156--166},
month = jan
}

@article{Hillman:2007vk,
author = {Hillman, Elizabeth M C and Bernus, Olivier and Pease, Emily and Bouchard, Matthew B and Pertsov, Arkady},
title = {{Depth-resolved optical imaging of transmural electrical propagation in perfused heart.}},
journal = {Optics express},
year = {2007},
volume = {15},
number = {26},
pages = {17827--17841},
month = dec
}

@article{Kang:2016bv,
author = {Kang, Seung-Kyun and Murphy, Rory K J and Hwang, Suk-Won and Lee, Seung Min and Harburg, Daniel V and Krueger, Neil A and Shin, Jiho and Gamble, Paul and Cheng, Huanyu and Yu, Sooyoun and Liu, Zhuangjian and McCall, Jordan G and Stephen, Manu and Ying, Hanze and Kim, Jeonghyun and Park, Gayoung and Webb, R Chad and Lee, Chi Hwan and Chung, Sangjin and Wie, Dae Seung and Gujar, Amit D and Vemulapalli, Bharat and Kim, Albert H and Lee, Kyung-Mi and Cheng, Jianjun and Huang, Younggang and Lee, Sang Hoon and Braun, Paul V and Ray, Wilson Z and Rogers, John A},
title = {{Bioresorbable silicon electronic sensors for the brain}},
year = {2016},
volume = {530},
number = {7588},
pages = {1--9},
month = jan
}

@article{Lake:2015ds,
author = {Lake, Brenden M and Salakhutdinov, Ruslan and Tenenbaum, Joshua B},
title = {{Human-level concept learning through probabilistic program induction.}},
journal = {Science (New York, N.Y.)},
year = {2015},
volume = {350},
number = {6266},
pages = {1332--1338},
month = dec
}

@article{Welkenhuysen:2011cu,
author = {Welkenhuysen, M and Andrei, A and Ameye, L and Eberle, W and Nuttin, B},
title = {{Effect of Insertion Speed on Tissue Response and Insertion Mechanics of a Chronically Implanted Silicon-Based Neural Probe}},
journal = {IEEE Transactions on Biomedical Engineering},
year = {2011},
volume = {58},
number = {11},
pages = {3250--3259},
month = sep
}

@article{Szabo:2014kqa,
author = {Szabo, Vivien and Ventalon, Cathie and De Sars, Vincent and Bradley, Jonathan and Emiliani, Valentina},
title = {{Spatially Selective Holographic Photoactivation and Functional Fluorescence Imaging in Freely Behaving Mice with a Fiberscope}},
journal = {Neuron},
year = {2014},
volume = {84},
number = {6},
pages = {1157--1169},
month = dec
}

@article{Guo:2015gu,
author = {Guo, Qingchun and Zhou, Jingfeng and Feng, Qiru and Lin, Rui and Gong, Hui and Luo, Qingming and Zeng, Shaoqun and Luo, Minmin and Fu, Ling},
title = {{Multi-channel fiber photometry for population neuronal activity recording}},
journal = {Biomedical Optics Express},
year = {2015},
volume = {6},
number = {10},
pages = {3919--13}
}

@article{Der:2015bj,
author = {Der, Ralf and Martius, Georg},
title = {{Novel plasticity rule can explain the development of sensorimotor intelligence}},
journal = {Proceedings of the National Academy of Sciences},
year = {2015},
volume = {112},
number = {45},
pages = {E6224--E6232},
month = nov
}

@article{Karatas:2013ir,
author = {Karatas, Hulya and Erdener, Sefik Evren and Gursoy-Ozdemir, Yasemin and Lule, Sevda and Eren-Ko{\c c}ak, Emine and Sen, Z{\"u}mr{\"u}t Duygu and Dalkara, Turgay},
title = {{Spreading depression triggers headache by activating neuronal Panx1 channels.}},
journal = {Science (New York, N.Y.)},
year = {2013},
volume = {339},
number = {6123},
pages = {1092--1095},
month = mar
}

@article{Crist:1997ua,
author = {Crist, R E and Kapadia, M K and Westheimer, G and Gilbert, C D},
title = {{Perceptual learning of spatial localization: specificity for orientation, position, and context.}},
journal = {Journal of Neurophysiology},
year = {1997},
volume = {78},
number = {6},
pages = {2889--2894},
month = dec
}

@book{Song:2011eb,
author = {Song, Jingkuan and Yang, Yi and Huang, Zi and Shen, Heng Tao and Hong, Richang},
title = {{Multiple feature hashing for real-time large scale near-duplicate video retrieval}},
publisher = {ACM},
year = {2011},
address = {New York, New York, USA},
month = nov
}

@article{Olkowicz:2016ke,
author = {Olkowicz, Seweryn and Kocourek, Martin and Lu{\v c}an, Radek K and Porte{\v s}, Michal and Fitch, W Tecumseh and Herculano-Houzel, Suzana and N{\v e}mec, Pavel},
title = {{Birds have primate-like numbers of neurons in the forebrain.}},
journal = {Proceedings of the National Academy of Sciences of the United States of America},
year = {2016},
volume = {113},
number = {26},
pages = {7255--7260},
month = jun
}

@article{Sakai:2013hu,
author = {Sakai, Seiichiro and Ueno, Kenichi and Ishizuka, Toru and Yawo, Hiromu},
title = {{Parallel and patterned optogenetic manipulation of neurons in the brain slice using a DMD-based projector}},
journal = {Neuroscience Research},
year = {2013},
volume = {75},
number = {1},
pages = {59--64},
month = jan
}

@article{Obin:ji,
author = {Obin, N and Workshop, M Liuni Spoken Language Technology},
title = {{On the generalization of Shannon entropy for speech recognition}},
journal = {ieeexplore.ieee.org
},
pages = {97--102}
}

@article{Mohammed:2016fq,
author = {Mohammed, Ali I and Gritton, Howard J and Tseng, Hua-an and Bucklin, Mark E and Yao, Zhaojie and Han, Xue},
title = {{An integrative approach for analyzing hundreds of neurons in task performing mice using wide-field calcium imaging}},
journal = {Scientific Reports},
year = {2016},
volume = {6},
pages = {20986--16},
month = feb
}

@article{Cao:2013hj,
author = {Cao, Guan and Platisa, Jelena and Pieribone, Vincent A and Raccuglia, Davide and Kunst, Michael and Nitabach, Michael N},
title = {{Genetically Targeted Optical Electrophysiology in Intact Neural Circuits}},
journal = {Cell},
year = {2013},
volume = {154},
number = {4},
pages = {904--913},
month = aug
}

@article{Garnelo:2016th,
author = {Garnelo, Marta and Arulkumaran, Kai and Shanahan, Murray},
title = {{Towards Deep Symbolic Reinforcement Learning}},
year = {2016},
eprint = {1609.05518},
eprinttype = {arxiv},
month = sep
}

@article{Yariv:1976vh,
author = {Yariv, A},
title = {{Three-dimensional pictorial transmission in optical fibers}},
journal = {Applied Physics Letters},
year = {1976}
}

@article{Zong:2017eg,
author = {Zong, Weijian and Wu, Runlong and Li, Mingli and Hu, Yanhui and Li, Yijun and Li, Jinghang and Rong, Hao and Wu, Haitao and Xu, Yangyang and Lu, Yang and Jia, Hongbo and Fan, Ming and Zhou, Zhuan and Zhang, Yunfeng and Wang, Aimin and Chen, Liangyi and Cheng, Heping},
title = {{Fast high-resolution miniature two-photon microscopy for brain imaging in freely behaving mice}},
journal = {Nature Methods},
year = {2017},
volume = {14},
number = {7},
pages = {1--10},
month = may
}

@article{Duan:2015iq,
author = {Duan, Wei and Zhang, Yu-Ping and Hou, Zhi and Huang, Chen and Zhu, He and Zhang, Chun-Qing and Yin, Qing},
title = {{Novel Insights into NeuN: from Neuronal Marker to Splicing Regulator}},
journal = {Molecular Neurobiology},
year = {2015},
volume = {53},
number = {3},
pages = {1637--1647},
month = feb
}

@article{Lemire:2009do,
author = {Lemire, Daniel},
title = {{Faster retrieval with a two-pass dynamic-time-warping lower bound}},
journal = {Pattern Recognition},
year = {2009},
volume = {42},
number = {9},
pages = {2169--2180},
month = sep
}

@article{Findlay:1974ga,
author = {Findlay, J M},
title = {{Direction perception and human fixation eye movements.}},
journal = {Vision research},
year = {1974},
volume = {14},
number = {8},
pages = {703--711},
month = aug
}

@article{Mooney:2009ji,
author = {Mooney, Richard},
title = {{Neurobiology of song learning}},
journal = {Current Opinion in Neurobiology},
year = {2009},
volume = {19},
number = {6},
pages = {654--660},
month = dec
}

@article{Mnih:2015jp,
author = {Mnih, Volodymyr and Kavukcuoglu, Koray and Silver, David and Rusu, Andrei A and Veness, Joel and Bellemare, Marc G and Graves, Alex and Riedmiller, Martin and Fidjeland, Andreas K and Ostrovski, Georg and Petersen, Stig and Beattie, Charles and Sadik, Amir and Antonoglou, Ioannis and King, Helen and Kumaran, Dharshan and Wierstra, Daan and Legg, Shane and Hassabis, Demis},
title = {{Human-level control through deep reinforcement learning}},
year = {2015},
volume = {518},
number = {7540},
pages = {529--533},
month = feb
}

@article{Matheson:2015fe,
author = {Matheson, Andrew M M and Sakata, Jon T},
title = {{Relationship between the Sequencing and Timing of Vocal Motor Elements in Birdsong}},
journal = {PloS one},
year = {2015},
volume = {10},
number = {12},
pages = {e0143203--18},
month = dec
}

@article{Vincent:2006fz,
author = {Vincent, E and Gribonval, R and Fevotte, C},
title = {{Performance measurement in blind audio source separation}},
journal = {IEEE Transactions on Audio, Speech and Language Processing},
year = {2006},
volume = {14},
number = {4},
pages = {1462--1469},
month = jun
}

@article{Jennings:2014hu,
author = {Jennings, Joshua H and Stuber, Garret D},
title = {{Tools for Resolving Functional Activity and Review Connectivity within Intact Neural Circuits}},
journal = {Current Biology},
year = {2014},
volume = {24},
number = {1},
pages = {R41--R50},
month = jan
}

@article{Bhargava:2015bw,
author = {Bhargava, Saurabh and Bl{\"a}ttler, Florian and Kollmorgen, Sepp and Liu, Shih-Chii and Hahnloser, Richard H R},
title = {{Linear Methods for Efficient and Fast Separation of Two Sources Recorded with a Single Microphone}},
journal = {Neural computation},
year = {2015},
pages = {1--29},
month = aug
}

@article{Yardeni:2011fs,
author = {Yardeni, Tal and Eckhaus, Michael and Morris, H Douglas and Huizing, Marjan and Hoogstraten-Miller, Shelley},
title = {{Retro-orbital injections in mice}},
journal = {Lab Animal},
year = {2011},
volume = {40},
number = {5},
pages = {155--160},
month = may
}

@article{Lin:2016jd,
author = {Vallentin, Daniela and Kosche, Georg and Lipkind, Dina and Long, Michael A},
title = {{Neural circuits. Inhibition protects acquired song segments during vocal learning in zebra finches.}},
journal = {Science (New York, N.Y.)},
year = {2016},
volume = {351},
number = {6270},
pages = {267--271},
month = jan
}

@inproceedings{JieXie:2015kg,
author = {Jie Xie and Towsey, Michael and Truskinger, Anthony and Eichinski, Philip and Jinglan Zhang and Roe, Paul},
title = {{Acoustic classification of Australian anurans using syllable features}},
booktitle = {2015 IEEE Tenth International Conference on Intelligent Sensors, Sensor Networks and Information Processing (ISSNIP)},
year = {2015},
pages = {1--6},
publisher = {IEEE},
month = oct
}

@article{Otchy:2015hq,
author = {Otchy, Timothy M and Wolff, Steffen B E and Rhee, Juliana Y and Pehlevan, Cengiz and Kawai, Risa and Kempf, Alexandre and Gobes, Sharon M H and {\"O}lveczky, Bence P},
title = {{Acute off-target effects of neural circuit manipulations}},
year = {2015},
volume = {528},
number = {7582},
pages = {358--363},
month = dec
}

@article{Westheimer:1975ws,
author = {Westheimer, G},
title = {{Editorial: Visual acuity and hyperacuity.}},
journal = {Investigative ophthalmology},
year = {1975},
volume = {14},
number = {8},
pages = {570--572},
month = aug
}

@article{Skocek:2018hs,
author = {Skocek, Oliver and bauer, Tobias Namp x000F6 and Weilguny, Lukas and Traub, Francisca Martamp x000ED nez and Xia, Chuying Naomi and Molodtsov, Maxim I and Grama, Abhinav and Yamagata, Masahito and Aharoni, Daniel and Cox, David D and Golshani, Peyman and Vaziri, Alipasha},
title = {{High-speed volumetric imaging of neuronal activity in freely moving rodents}},
journal = {Nature Methods},
year = {2018},
pages = {1--9},
month = may
}

@inproceedings{Lin:2015tr,
author = {Lin, K and Yang, H F and Hsiao, J H and Chen, C S},
title = {{Deep Learning of Binary Hash Codes for Fast Image Retrieval}},
booktitle = {Proceedings of the IEEE {\ldots}},
year = {2015}
}

@article{Winslow:2010bn,
author = {Winslow, Brent D and Tresco, Patrick A},
title = {{Quantitative analysis of the tissue response to chronically implanted microwire electrodes in rat cortex}},
journal = {Biomaterials},
year = {2010},
volume = {31},
number = {7},
pages = {1558--1567},
month = mar
}

@article{Ochs:1960jx,
author = {Ochs, S and Hunt, K},
title = {{Apical dendrites and propagation of spreading depression in cerebral cortex.}},
journal = {Journal of Neurophysiology},
year = {1960},
volume = {23},
number = {4},
pages = {432--444},
month = jul
}

@article{Andermann:2013kc,
author = {Andermann, Mark L and Gilfoy, Nathan B and Goldey, Glenn J and Sachdev, Robert N S and W{\"o}lfel, Markus and McCormick, David A and Reid, R Clay and Levene, Michael J},
title = {{Chronic Cellular Imaging of Entire Cortical Columns in Awake Mice Using Microprisms}},
journal = {Neuron},
year = {2013},
volume = {80},
number = {4},
pages = {900--913},
month = nov
}

@article{Freire:2011gl,
author = {Freire, Marco Aurelio M and Morya, Edgard and Faber, Jean and Santos, Jose Ronaldo and Guimaraes, Joanilson S and Lemos, Nelson A M and Sameshima, Koichi and Pereira, Antonio and Ribeiro, Sidarta and Nicolelis, Miguel A L},
title = {{Comprehensive Analysis of Tissue Preservation and Recording Quality from Chronic Multielectrode Implants}},
journal = {PloS one},
year = {2011},
volume = {6},
number = {11},
pages = {e27554--15},
month = nov
}

@article{Szarowski:2003cz,
author = {Szarowski, D H and Andersen, M D and Retterer, S and Spence, A J and Isaacson, M and Craighead, H G and Turner, J N and Shain, W},
title = {{Brain responses to micro-machined silicon devices}},
journal = {Brain Research},
year = {2003},
volume = {983},
number = {1-2},
pages = {23--35},
month = sep
}

@article{Bernhard:2001ib,
author = {Bernhard, David D and Mall, Shalini and Pantano, Paul},
title = {{Fabrication and Characterization of Microwell Array Chemical Sensors}},
journal = {Analytical Chemistry},
year = {2001},
volume = {73},
number = {11},
pages = {2484--2490},
month = jun
}

@article{Tee:2015ev,
author = {Tee, Benjamin C-K and Chortos, Alex and Berndt, Andre and Nguyen, Amanda Kim and Tom, Ariane and McGuire, Allister and Lin, Ziliang Carter and Tien, Kevin and Bae, Won-Gyu and Wang, Huiliang and Mei, Ping and Chou, Ho-Hsiu and Cui, Bianxiao and Deisseroth, Karl and Ng, Tse Nga and Bao, Zhenan},
title = {{A skin-inspired organic digital mechanoreceptor.}},
journal = {Science (New York, N.Y.)},
year = {2015},
volume = {350},
number = {6258},
pages = {313--316},
month = oct
}

@article{Canopoli:2014ki,
author = {Canopoli, Alessandro and Herbst, Joshua A and Hahnloser, Richard H R},
title = {{A higher sensory brain region is involved in reversing reinforcement-induced vocal changes in a songbird.}},
journal = {The Journal of neuroscience : the official journal of the Society for Neuroscience},
year = {2014},
volume = {34},
number = {20},
pages = {7018--7026},
month = may
}

@article{Tumer:2007bi,
author = {Tumer, Evren C and Brainard, Michael S},
title = {{Performance variability enables adaptive plasticity of {\textquoteleft}crystallized{\textquoteright} adult birdsong}},
year = {2007},
volume = {450},
number = {7173},
pages = {1240--1244},
month = dec
}

@article{Keogh:2004wu,
author = {Keogh, E Lonardi S Ratanamahatana C A},
title = {{Everything you know about Dynamic Time Warping is Wrong}},
year = {2004},
pages = {1--11},
month = aug
}

@article{Pancrazio:2017fi,
author = {Pancrazio, Joseph J and Deku, Felix and Ghazavi, Atefeh and Stiller, Allison M and Rihani, Rashed and Frewin, Christopher L and Varner, Victor D and Gardner, Timothy J and Cogan, Stuart F},
title = {{Thinking Small: Progress on Microscale Neurostimulation Technology}},
journal = {Neuromodulation: Technology at the Neural Interface},
year = {2017},
volume = {84},
pages = {203--8},
month = oct
}

@article{Sohrabji:1990td,
author = {Sohrabji, F and Nordeen, E J and Nordeen, K W},
title = {{Selective impairment of song learning following lesions of a forebrain nucleus in the juvenile zebra finch.}},
journal = {Behavioral and neural biology},
year = {1990},
volume = {53},
number = {1},
pages = {51--63},
month = jan
}

@article{Oja:ut,
author = {Oja, Erkki and Plumbley, Mark D},
title = {{Blind separation of positive sources using non-negative PCA}},
journal = {pdfs.semanticscholar.org
}
}

@article{DanielMeliza:2013iw,
author = {Daniel Meliza, C and Keen, Sara C and Rubenstein, Dustin R},
title = {{Pitch- and spectral-based dynamic time warping methods for comparing field recordings of harmonic avian vocalizations}},
journal = {The Journal of the Acoustical Society of America},
year = {2013},
volume = {134},
number = {2},
pages = {1407--9}
}

@article{Bovetti:2015bf,
author = {Bovetti, Serena and Fellin, Tommaso},
title = {{Optical dissection of brain circuits with patterned illumination through the phase modulation of light}},
journal = {Journal of neuroscience methods},
year = {2015},
volume = {241},
pages = {66--77},
month = feb
}

@article{Atherton:1999dl,
author = {Atherton, T J and Kerbyson, D J},
title = {{Size invariant circle detection}},
journal = {Image and Vision Computing},
year = {1999},
volume = {17},
number = {11},
pages = {795--803},
month = sep
}

@inproceedings{lowe1999object,
author = {Lowe, David G},
title = {{Object recognition from local scale-invariant features}},
booktitle = {Computer vision, 1999. The proceedings of the seventh IEEE international conference on},
year = {1999},
pages = {1150--1157},
organization = {Ieee}
}

@article{Zhou:2016ty,
author = {Zhou, Pengcheng and Resendez, Shanna L and Stuber, Garret D and Kass, Robert E and Paninski, Liam},
title = {{Efficient and accurate extraction of in vivo calcium signals from microendoscopic video data}},
year = {2016},
eprint = {1605.07266},
eprinttype = {arxiv},
month = may
}

@article{Whitney:2014bb,
author = {Whitney, O and Pfenning, A R and Howard, J T and Blatti, C A and Liu, F and Ward, J M and Wang, R and Audet, J N and Kellis, M and Mukherjee, S and Sinha, S and Hartemink, A J and West, A E and Jarvis, E D},
title = {{Core and region-enriched networks of behaviorally regulated genes and the singing genome}},
journal = {Science (New York, N.Y.)},
year = {2014},
volume = {346},
number = {6215},
pages = {1256780--1256780},
month = dec
}

@article{Kilander:1992wb,
author = {Kilander, K and Williams, H},
title = {{Yohimbine reduces neuropathology induced by ketamine/xylazine anesthesia.}},
journal = {Physiology {\&} behavior},
year = {1992},
volume = {51},
number = {3},
pages = {657--659},
month = mar
}

@article{Phillips:2016hy,
author = {Phillips, EAK and Hasenstaub, A R},
title = {{Asymmetric effects of activating and inactivating cortical interneurons}},
journal = {Elife},
year = {2016}
}

@article{Szegedy:2014jf,
author = {Szegedy, C and Liu, Wei and Jia, Yangqing and Sermanet, P and Reed, S},
title = {{Going deeper with convolutions}},
journal = {arXiv.org},
year = {2014},
eprint = {1585001802086510325related:9W64xb0O_xUJ},
eprinttype = {scholar}
}

@article{Lowe:2004kp,
author = {Lowe, David G},
title = {{Distinctive Image Features from Scale-Invariant Keypoints}},
journal = {International journal of computer vision},
year = {2004},
volume = {60},
number = {2},
pages = {91--110}
}

@article{Srivastava:2014ww,
author = {Srivastava, Nitish and Hinton, Geoffrey and Krizhevsky, Alex and Sutskever, Ilya and Salakhutdinov, Ruslan},
title = {{Dropout: a simple way to prevent neural networks from overfitting}},
journal = {The Journal of Machine Learning Research},
year = {2014},
volume = {15},
number = {1},
pages = {1929--1958},
month = jan
}

@article{IlPark:2015ff,
author = {Il Park, Sung and Shin, Gunchul and Banks, Anthony and McCall, Jordan G and Siuda, Edward R and Schmidt, Martin J and Chung, Ha Uk and Noh, Kyung Nim and Mun, Jonathan Guo-Han and Rhodes, Justin and Bruchas, Michael R and Rogers, John A},
title = {{Ultraminiaturized photovoltaic and radio frequency powered optoelectronic systems for wireless optogenetics}},
journal = {Journal of Neural Engineering},
year = {2015},
volume = {12},
number = {5},
pages = {1--9},
month = jul
}

@article{Knuth:2002vo,
author = {Knuth, Kevin H},
title = {{A Bayesian approach to source separation}},
journal = {arXiv.org},
year = {2002},
eprint = {4089531401327846994related:UqbzaSTvwDgJ},
eprinttype = {scholar}
}

@article{Xu:1996ul,
author = {Xu, Chris and Zipfel, W and Shear, J B and Williams, R M and Webb, W W},
title = {{Multiphoton fluorescence excitation: new spectral windows for biological nonlinear microscopy}},
journal = {Proceedings of the National Academy of Sciences},
year = {1996},
volume = {93},
number = {20},
pages = {10763--10768},
month = oct
}

@article{Yang:2005wx,
author = {Yang, Li and Miklavcic, Stanley J},
title = {{Revised Kubelka-Munk theory. III. A general theory of light propagation in scattering and absorptive media.}},
journal = {Journal of the Optical Society of America. A, Optics, image science, and vision},
year = {2005},
volume = {22},
number = {9},
pages = {1866--1873},
month = sep
}

@article{Stripling:1997tn,
author = {Stripling, R and Volman, S F and Clayton, D F},
title = {{Response modulation in the zebra finch neostriatum: relationship to nuclear gene regulation}},
journal = {The Journal of neuroscience},
year = {1997}
}

@article{Jin:2009ge,
author = {Jin, Dezhe Z},
title = {{Generating variable birdsong syllable sequences with branching chain networks in avian premotor nucleus HVC}},
journal = {Physical Review E},
year = {2009},
volume = {80},
number = {5},
pages = {051902--13},
month = nov
}

@article{Lake:2016ja,
author = {Lake, Brenden M and Ullman, Tomer D and Tenenbaum, Joshua B and Gershman, Samuel J},
title = {{Building Machines That Learn and Think Like People.}},
journal = {The Behavioral and brain sciences},
year = {2016},
pages = {1--101},
month = nov
}

@article{McCall:2013df,
author = {McCall, Jordan G and Kim, Tae-il and Shin, Gunchul and Huang, Xian and Jung, Yei Hwan and Al-Hasani, Ream and Omenetto, Fiorenzo G and Bruchas, Michael R and Rogers, John A},
title = {{Fabrication and application of flexible, multimodal light-emitting devices for wireless optogenetics}},
journal = {Nature Protocols},
year = {2013},
volume = {8},
number = {12},
pages = {2413--2428},
month = nov
}

@article{Beckers:2012fz,
author = {Beckers, Gabri{\"e}l JL and Gahr, M},
title = {{Large-Scale Synchronized Activity during Vocal Deviance Detection in the Zebra Finch Auditory Forebrain}},
journal = {Journal of Neuroscience},
year = {2012},
volume = {32},
number = {31},
pages = {10594--10608},
month = aug
}

@article{Everett:2011ej,
author = {Everett, E T},
title = {{Fluoride's effects on the formation of teeth and bones, and the influence of genetics.}},
journal = {Journal of Dental Research},
year = {2011},
volume = {90},
number = {5},
pages = {552--560},
month = may
}

@article{Xie:2015jl,
author = {Xie, Chong and Liu, Jia and Fu, Tian-Ming and Dai, Xiaochuan and Zhou, Wei and Lieber, Charles M},
title = {{Three-dimensional macroporous nanoelectronic networks as minimally invasive brain probes}},
journal = {Nature Materials},
year = {2015},
volume = {14},
number = {12},
pages = {1286--1292},
month = oct
}

@article{Narayan:2015dr,
author = {Narayan, Kedar and Subramaniam, Sriram},
title = {{Focused ion beams in biology}},
journal = {Nature Publishing Group},
year = {2015},
volume = {12},
number = {11},
pages = {1021--1031},
month = nov
}

@article{Zhang:2005ew,
author = {Zhang, Ying and Reid, R Clay},
title = {{Single-neuron responses and neuronal decisions in a vernier task.}},
journal = {Proceedings of the National Academy of Sciences},
year = {2005},
volume = {102},
number = {9},
pages = {3507--3512},
month = mar
}

@article{Wyss:1998ta,
author = {Wyss, G D and Jorgensen, K H},
title = {{A user's guide to LHS: Sandia's Latin hypercube sampling software}},
journal = {SAND98-0210},
year = {1998}
}

@article{Hillman:2004wca,
author = {Hillman, Elizabeth M C and Boas, David A and Dale, Anders M and Dunn, Andrew K},
title = {{Laminar optical tomography: demonstration of millimeter-scale depth-resolved imaging in turbid media.}},
journal = {Optics letters},
year = {2004},
volume = {29},
number = {14},
pages = {1650--1652},
month = jul
}

@techreport{Ackman:2014ea,
author = {Ackman, James B and Zeng, Hongkui and Crair, Michael C},
title = {{Structured dynamics of neural activity across developing neocortex}},
year = {2014},
month = dec
}

@article{girshick14CVPR,
author = {Girshick, Ross and Donahue, Jeff and Darrell, Trevor and Malik, Jagannath},
title = {{Rich Feature Hierarchies for Accurate Object Detection and Semantic Segmentation}},
journal = {2014 IEEE Conference on Computer Vision and Pattern Recognition (CVPR)},
year = {2014},
pages = {580--587}
}

@article{Kebschull:2016cv,
author = {Kebschull, Justus M and da Silva, Pedro Garcia and Reid, Ashlan P and Peikon, Ian D and Albeanu, Dinu F and Zador, Anthony M},
title = {{High-Throughput Mapping of Single-Neuron Projections by Sequencing of Barcoded RNA}},
journal = {Neuron},
year = {2016},
volume = {91},
number = {5},
pages = {975--987},
month = sep
}

@article{Barretto:2009hk,
author = {Barretto, Robert P J and Messerschmidt, Bernhard and Schnitzer, Mark J},
title = {{In vivo fluorescence imaging with high- resolution microlenses}},
journal = {Nature Publishing Group},
year = {2009},
volume = {6},
number = {7},
pages = {511--512},
month = jun
}

@article{Chon:2007vj,
author = {Chon, Hyung-Su and Park, Gisung and Lee, Sang-Bum and Yoon, Seokchan and Kim, Jaisoon and Lee, Jai-Hyung and An, Kyungwon},
title = {{Dependence of transverse and longitudinal resolutions on incident Gaussian beam widths in the illumination part of optical scanning microscopy.}},
journal = {Journal of the Optical Society of America. A, Optics, image science, and vision},
year = {2007},
volume = {24},
number = {1},
pages = {60--67},
month = jan
}

@article{Burgess:2008uu,
author = {Burgess, Sean A and Bouchard, Matthew B and Yuan, Baohong and Hillman, Elizabeth M C},
title = {{Simultaneous multiwavelength laminar optical tomography.}},
journal = {Optics letters},
year = {2008},
volume = {33},
number = {22},
pages = {2710--2712},
month = nov
}

@article{Bregman:2016ju,
author = {Bregman, Micah R and Patel, Aniruddh D and Gentner, Timothy Q},
title = {{Songbirds use spectral shape, not pitch, for sound pattern recognition}},
journal = {Proceedings of the National Academy of Sciences},
year = {2016},
volume = {113},
number = {6},
pages = {1666--1671},
month = feb
}

@article{Lombardino:2000vc,
author = {Lombardino, A J and Nottebohm, F},
title = {{Age at deafening affects the stability of learned song in adult male zebra finches.}},
journal = {The Journal of neuroscience : the official journal of the Society for Neuroscience},
year = {2000},
volume = {20},
number = {13},
pages = {5054--5064},
month = jul
}

@article{Bolting:2017jb,
author = {B{\"o}lting, Stefanie and von Engelhardt, Nikolaus},
title = {{Effects of the social environment during adolescence on the development of social behaviour, hormones and morphology in male zebra finches (Taeniopygia guttata)}},
journal = {Frontiers in Zoology},
year = {2017},
volume = {14},
number = {1},
pages = {1--18},
month = jan
}

@article{Benardete:1999kl,
author = {Benardete, E A and Kaplan, E},
title = {{Dynamics of primate P retinal ganglion cells: responses to chromatic and achromatic stimuli.}},
journal = {The Journal of physiology},
year = {1999},
volume = {519 Pt 3},
number = {3},
pages = {775--790},
month = sep
}

@article{Oh:2013ex,
author = {Oh, Gyungseok and Chung, Euiheon and Yun, Seok H},
title = {{Optical fibers for high-resolution in vivo microendoscopic fluorescence imaging}},
journal = {Optical Fiber Technology},
year = {2013},
volume = {19},
number = {PB},
pages = {760--771},
month = dec
}

@article{Lee:2016ko,
author = {Lee, Seon A and Holly, Kevin S and Voziyanov, Vladislav and Villalba, Stephanie L and Tong, Rudi and Grigsby, Holly E and Glasscock, Edward and Szele, Francis G and Vlachos, Ioannis and Murray, Teresa A},
title = {{Gradient Index Microlens Implanted in Prefrontal Cortex of Mouse Does Not Affect Behavioral Test Performance over Time}},
journal = {PloS one},
year = {2016},
volume = {11},
number = {1},
pages = {e0146533--19},
month = jan
}

@misc{vedaldi08vlfeat,
title = {{VLFeat: An Open and Portable Library
          of Computer Vision Algorithms}},
author = {Vedaldi, Andrea and Fulkerson, Brian},
year = {2008}
}

@techreport{Jonas:2016ik,
author = {Jonas, Eric and Kording, Konrad},
title = {{Could a neuroscientist understand a microprocessor?}},
year = {2016},
month = may
}

@article{Olveczky:2011dh,
author = {{\"O}lveczky, Bence P and Gardner, Timothy J},
title = {{A bird's eye view of neural circuit formation}},
journal = {Current Opinion in Neurobiology},
year = {2011},
volume = {21},
number = {1},
pages = {124--131},
month = feb
}

@article{Anderson:1996vv,
author = {Anderson, S E and Dave, A S and Margoliash, Daniel},
title = {{Template-based automatic recognition of birdsong syllables from continuous recordings.}},
journal = {The Journal of the Acoustical Society of America},
year = {1996},
volume = {100},
number = {2 Pt 1},
pages = {1209--1219},
month = aug
}

@article{Ke:2004wp,
author = {Huston, Larry and Ke, Yan and Sukthankar, Rahul},
title = {{Efficient near-duplicate detection and sub-image retrieval}},
journal = {ACM Multimedia},
year = {2004}
}

@book{Knuth:2005vb,
author = {Knuth, Kevin H},
title = {{Informed source separation: A Bayesian tutorial}},
publisher = {IEEE},
year = {2005}
}

@article{Boyden:2005cd,
author = {Boyden, Edward S and Zhang, Feng and Bamberg, Ernst and Nagel, Georg and Deisseroth, Karl},
title = {{Millisecond-timescale, genetically targeted optical control of neural activity}},
journal = {Nature Neuroscience},
year = {2005},
volume = {8},
number = {9},
pages = {1263--1268},
month = aug
}

@article{Lutz:2008ja,
author = {Lutz, Christoph and Otis, Thomas S and DeSars, Vincent and Charpak, Serge and DiGregorio, David A and Emiliani, Valentina},
title = {{Holographic photolysis of caged neurotransmitters}},
journal = {Nature Methods},
year = {2008},
volume = {5},
number = {9},
pages = {821--827},
month = aug
}

@article{RenaudSchuck:2015vd,
author = {Renaud Schuck, Peter Quicke Caroline Copeland Stefania Garasto Luca Antonello Annecchino June Kyu Hwang Simon R Schultz},
title = {{Rapid Three Dimensional Two Photon Neural Population Scanning}},
year = {2015},
pages = {1--4},
month = jun
}

@article{Okubo:2015hn,
author = {Okubo, Tatsuo S and Mackevicius, Emily L and Payne, Hannah L and Lynch, Galen F and Fee, Michale S},
title = {{Growth and splitting of neural sequences in songbird vocal development}},
year = {2015},
volume = {528},
number = {7582},
pages = {1--24},
month = nov
}

@article{Shen:2017gn,
author = {Shen, Jun and Blute, Todd and Liberti III, William A and Yen, William and Liberti, Derek C and Kotten, Darrell N and Cruz-Martin, Alberto and Gardner, Timothy J},
title = {{Songbird organotypic culture as an in vitro model for interrogating sparse sequencing networks}},
year = {2017},
pages = {1--21},
month = aug
}

@article{Palla:2005cj,
author = {Palla, Gergely and Der{\'e}nyi, Imre and Farkas, Ill{\'e}s and Vicsek, Tam{\'a}s},
title = {{Uncovering the overlapping community structure of complex networks in nature and society}},
year = {2005},
volume = {435},
number = {7043},
pages = {814--818},
month = jun
}

@article{Croner:1995va,
author = {Croner, L J and Kaplan, E},
title = {{Receptive fields of P and M ganglion cells across the primate retina.}},
journal = {Vision research},
year = {1995},
volume = {35},
number = {1},
pages = {7--24},
month = jan
}

@article{Sandell:2011fk,
author = {Sandell, Julia L and Zhu, Timothy C},
title = {{A review of in-vivo optical properties of human tissues and its impact on PDT}},
journal = {Journal of Biophotonics},
year = {2011},
volume = {4},
number = {11-12},
pages = {773--787},
month = oct
}

@article{Adelsberger:2005dy,
author = {Adelsberger, Helmuth and Garaschuk, Olga and Konnerth, Arthur},
title = {{Cortical calcium waves in resting newborn mice.}},
journal = {Nature Neuroscience},
year = {2005},
volume = {8},
number = {8},
pages = {988--990},
month = aug
}

@article{AyberkKurt:2004jg,
author = {Ayberk Kurt, M and Ilker Kafa, M and Dierssen, Mara and Ceri Davies, D},
title = {{Deficits of neuronal density in CA1 and synaptic density in the dentate gyrus, CA3 and CA1, in a mouse model of Down syndrome}},
journal = {Brain Research},
year = {2004},
volume = {1022},
number = {1-2},
pages = {101--109},
month = oct
}

@article{Helmchen:2005fr,
author = {Helmchen, Fritjof and Denk, Winfried},
title = {{Deep tissue two-photon microscopy}},
journal = {Nature Methods},
year = {2005},
volume = {2},
number = {12},
pages = {932--940},
month = dec
}

@article{Stein:1987tu,
author = {Stein, M},
title = {{Large sample properties of simulations using Latin hypercube sampling}},
journal = {Technometrics},
year = {1987}
}

@article{Sober:2009ci,
author = {Sober, Samuel J and Brainard, Michael S},
title = {{Adult birdsong is actively maintained by error correction}},
journal = {Nature Publishing Group},
year = {2009},
volume = {12},
number = {7},
pages = {927--931},
month = jun
}

@article{Sakata:2008cm,
author = {Sakata, Jon T and Brainard, Michael S},
title = {{Online contributions of auditory feedback to neural activity in avian song control circuitry.}},
journal = {The Journal of neuroscience : the official journal of the Society for Neuroscience},
year = {2008},
volume = {28},
number = {44},
pages = {11378--11390},
month = oct
}

@article{Olveczky:2005bp,
author = {{\"O}lveczky, Bence P and Andalman, Aaron S and Fee, Michale S},
title = {{Vocal Experimentation in the Juvenile Songbird Requires a Basal Ganglia Circuit}},
journal = {PLOS Biology},
year = {2005},
volume = {3},
number = {5},
pages = {e153--8},
month = mar
}

@article{Nakai:2001fy,
author = {Nakai, J and Ohkura, M and Imoto, K},
title = {{A high signal-to-noise Ca(2+) probe composed of a single green fluorescent protein.}},
journal = {Nature Biotechnology},
year = {2001},
volume = {19},
number = {2},
pages = {137--141},
month = feb
}

@article{Nagel:2002cw,
author = {Nagel, Georg and Ollig, Doris and Fuhrmann, Markus and Kateriya, Suneel and Musti, Anna Maria and Bamberg, Ernst and Hegemann, Peter},
title = {{Channelrhodopsin-1: a light-gated proton channel in green algae.}},
journal = {Science (New York, N.Y.)},
year = {2002},
volume = {296},
number = {5577},
pages = {2395--2398},
month = jun
}

@article{Liu:2012jv,
author = {Liu, Xu and Ramirez, Steve and Pang, Petti T and Puryear, Corey B and Govindarajan, Arvind and Deisseroth, Karl and Tonegawa, Susumu},
title = {{Optogenetic stimulation of a hippocampal engram activates fear memory recall}},
journal = {Nature},
year = {2012},
volume = {484},
number = {7394},
pages = {381--385},
month = apr
}

@article{Kim:2016hh,
author = {Kim, Tony Hyun and Zhang, Yanping and Lecoq, J{\'e}r{\^o}me and Jung, Juergen C and Li, Jane and Zeng, Hongkui and Niell, Cristopher M and Schnitzer, Mark J},
title = {{Long-Term Optical Access to an Estimated One Million Neurons in the Live Mouse Cortex}},
journal = {CellReports},
year = {2016},
volume = {17},
number = {12},
pages = {3385--3394},
month = dec
}

@article{Denk:1990ws,
author = {Denk, W and Strickler, J H and Webb, W W},
title = {{Two-photon laser scanning fluorescence microscopy.}},
journal = {Science (New York, N.Y.)},
year = {1990},
volume = {248},
number = {4951},
pages = {73--76},
month = apr
}

@article{Ghosh:2011ee,
author = {Ghosh, Kunal K and Burns, Laurie D and Cocker, Eric D and Nimmerjahn, Axel and Ziv, Yaniv and Gamal, Abbas El and Schnitzer, Mark J},
title = {{Miniaturized integration of a fluorescence microscope}},
journal = {Nature Methods},
year = {2011},
volume = {8},
number = {10},
pages = {871--878},
month = sep
}

@article{Clancy:2014gw,
author = {Clancy, Kelly B and Koralek, Aaron C and Costa, Rui M and Feldman, Daniel E and Carmena, Jose M},
title = {{Volitional modulation of optically recorded calcium signals during neuroprosthetic learning}},
journal = {Nature Neuroscience},
year = {2014},
volume = {17},
number = {6},
pages = {807--809},
month = apr
}

@article{Gustafsson:2000wj,
author = {Gustafsson, M G},
title = {{Surpassing the lateral resolution limit by a factor of two using structured illumination microscopy.}},
journal = {Journal of microscopy},
year = {2000},
volume = {198},
number = {Pt 2},
pages = {82--87},
month = may
}

@article{Saxena:2015fm,
author = {Saxena, Manish and Eluru, Gangadhar and Gorthi, Sai Siva},
title = {{Structured illumination microscopy}},
journal = {Advances in Optics and Photonics},
year = {2015},
volume = {7},
number = {2},
pages = {241--35}
}

@article{Gustafsson:2005hg,
author = {Gustafsson, Mats G L},
title = {{Nonlinear structured-illumination microscopy: wide-field fluorescence imaging with theoretically unlimited resolution.}},
journal = {Proceedings of the National Academy of Sciences},
year = {2005},
volume = {102},
number = {37},
pages = {13081--13086},
month = sep
}

@article{Mukamel:2009hd,
author = {Mukamel, Eran A and Nimmerjahn, Axel and Schnitzer, Mark J},
title = {{Automated Analysis of Cellular Signals from Large-Scale Calcium Imaging Data}},
journal = {Neuron},
year = {2009},
volume = {63},
number = {6},
pages = {747--760},
month = sep
}

@article{Patel:2015fi,
author = {Patel, Tapan P and Man, Karen and Firestein, Bonnie L and Meaney, David F},
title = {{Automated quantification of neuronal networks and single-cell calcium dynamics using calcium imaging}},
journal = {Journal of neuroscience methods},
year = {2015},
volume = {243},
pages = {26--38},
month = mar
}

@article{Makeig:1999vk,
author = {Makeig, Scott and Westerfield, M and Jung, T P and Covington, J and Townsend, J and Sejnowski, Terrence J and Courchesne, E},
title = {{Functionally independent components of the late positive event-related potential during visual spatial attention.}},
journal = {Journal of Neuroscience},
year = {1999},
volume = {19},
number = {7},
pages = {2665--2680},
month = apr
}

@article{Makeig:vq,
author = {Makeig, Scott and Bell, Anthony J and Jung, Tzyy-Ping and Sejnowski, Terrence J},
title = {{Independent Component Analysis of Electroencephalographic Data}},
journal = {papers.nips.cc
}
}

@article{Xu:2012hj,
author = {Xu, Ning-long and Harnett, Mark T and Williams, Stephen R and Huber, Daniel and O{\textquoteright}Connor, Daniel H and Svoboda, Karel and Magee, Jeffrey C},
title = {{Nonlinear dendritic integration of sensory and motor input during an active sensing task}},
journal = {Nature},
year = {2012},
volume = {492},
number = {7428},
pages = {247--251},
month = dec
}

@article{Randlett:2015gu,
author = {Randlett, Owen and Wee, Caroline L and Naumann, Eva A and Nnaemeka, Onyeka and Schoppik, David and Fitzgerald, James E and Portugues, Ruben and Lacoste, Alix M B and Riegler, Clemens and Engert, Florian and Schier, Alexander F},
title = {{Whole-brain activity mapping onto a zebrafish brain atlas}},
journal = {Nature Methods},
year = {2015},
volume = {12},
number = {11},
pages = {1039--1046},
month = sep
}

